"Date","steem_price","sbd_price","amount","from","memo","to","timestamp","currency_amount","currency_type","direction","dollar_price_of_tr","tr_type"
"2017-07-16",0.954066,0.945577,"0.001 SBD","bottymcbotface","Welcome to Steem, remember me when you are rich :]","misrori","2017-07-16T17:12:39",0.001,"SBD","in",0,"normal_tr"
"2017-07-19",1.26,0.937021,"371.990 STEEM","bittrex","STM6o5S1qaNxjabygKvbLsNGt9HRY7rtmbZRE9bkenLS9Vu7FnYUg","misrori","2017-07-19T06:47:48",371.99,"STEEM","in",468.71,"investment"
"2017-07-23",1.77,1.06,"1.000 SBD","misrori","https://steemit.com/steem/@misrori/98-45-increase-in-6-days-steem-almost-doubled-in-6-days","minnowbooster","2017-07-23T18:43:15",1,"SBD","out",1.06,"normal_tr"
"2017-07-24",1.6,1.05,"1.000 SBD","misrori","https://steemit.com/tesla/@misrori/tesla-test-drive","minnowbooster","2017-07-24T17:48:24",1,"SBD","out",1.05,"normal_tr"
"2017-07-24",1.6,1.05,"1.000 SBD","minnowbooster","@misrori's daily quota of 1SBD was reached by 1.0 + 1.0","misrori","2017-07-24T17:49:15",1,"SBD","in",1.05,"normal_tr"
"2017-07-24",1.6,1.05,"2.000 SBD","misrori","https://steemit.com/tesla/@misrori/tesla-test-drive","randowhale","2017-07-24T17:51:12",2,"SBD","out",2.1,"normal_tr"
"2017-07-24",1.6,1.05,"0.700 SBD","misrori","https://steemit.com/steem/@misrori/steem-incresed-its-value-by-58-32-in-the-last-6-days","booster","2017-07-24T17:56:57",0.7,"SBD","out",0.74,"normal_tr"
"2017-07-24",1.6,1.05,"1.000 SBD","misrori","https://steemit.com/steem/@misrori/steem-had-dropped-65-of-its-value-from-jun-6-to-jul-16-then-it-started-to-recover","booster","2017-07-24T18:05:30",1,"SBD","out",1.05,"normal_tr"
"2017-07-26",1.3,0.969903,"0.348 SBD","misrori","https://steemit.com/bitcoin/@misrori/what-is-civic-a-new-protocol-which-started-to-increse-from-its-ico","booster","2017-07-26T16:30:03",0.348,"SBD","out",0.34,"normal_tr"
"2017-07-26",1.3,0.969903,"0.348 SBD","booster","Unable to accept bid.  (ID:95eb424f6ec4829ac00e491c19af79b9614064cf)","misrori","2017-07-26T19:34:30",0.348,"SBD","in",0.34,"normal_tr"
"2017-07-26",1.3,0.969903,"0.348 SBD","misrori","https://steemit.com/bitcoin/@misrori/what-is-civic-a-new-protocol-which-started-to-increse-from-its-ico","minnowbooster","2017-07-26T19:37:45",0.348,"SBD","out",0.34,"normal_tr"
"2017-07-26",1.3,0.969903,"0.348 SBD","minnowbooster","Sorry, you need to send at least 0.5 SBD!","misrori","2017-07-26T19:38:33",0.348,"SBD","in",0.34,"normal_tr"
"2017-07-27",1.22,0.922898,"1.000 SBD","misrori","https://steemit.com/life/@misrori/19-industries-the-blockchain-will-disrupt","booster","2017-07-27T13:37:45",1,"SBD","out",0.92,"normal_tr"
"2017-07-27",1.22,0.922898,"0.804 SBD","misrori","https://steemit.com/development/@misrori/application-where-you-can-check-the-crypto-currency-movement-ethereum-14392-change-ripple-6600-change","minnowbooster","2017-07-27T13:40:54",0.804,"SBD","out",0.74,"normal_tr"
"2017-07-28",1.35,0.926327,"1.000 SBD","misrori","https://steemit.com/bitcoin/@misrori/the-worlds-first-blockchain-phone-and-crypto-communicator","booster","2017-07-28T06:15:06",1,"SBD","out",0.93,"normal_tr"
"2017-07-28",1.35,0.926327,"1.000 SBD","misrori","https://steemit.com/life/@misrori/a-video-that-i-can-not-explain","minnowbooster","2017-07-28T13:38:03",1,"SBD","out",0.93,"normal_tr"
"2017-07-28",1.35,0.926327,"1.000 SBD","minnowbooster","@misrori's daily quota of 1SBD was reached by 0.804 + 1.0, please stay under your limit!","misrori","2017-07-28T13:38:06",1,"SBD","in",0.93,"normal_tr"
"2017-07-28",1.35,0.926327,"1.000 SBD","misrori","https://steemit.com/life/@misrori/a-video-that-i-can-not-explain","booster","2017-07-28T13:40:03",1,"SBD","out",0.93,"normal_tr"
"2017-07-28",1.35,0.926327,"1.000 SBD","misrori","https://steemit.com/life/@misrori/a-video-that-i-can-not-explain","minnowbooster","2017-07-28T16:03:24",1,"SBD","out",0.93,"normal_tr"
"2017-07-30",1.3,0.949344,"1.000 SBD","misrori","https://steemit.com/stm/@selmaci/first-login#@misrori/re-selmaci-first-login-20170727t153204588z","minnowbooster","2017-07-30T06:32:15",1,"SBD","out",0.95,"normal_tr"
"2017-07-30",1.3,0.949344,"2.000 SBD","misrori","https://steemit.com/internetmoney/@misrori/inching-closer-to-bitcoin-upgrade-are-you-ready","booster","2017-07-30T06:37:00",2,"SBD","out",1.9,"normal_tr"
"2017-07-31",1.2,0.929341,"1.000 SBD","misrori","https://steemit.com/holiday/@misrori/parajd-salt-mine","minnowbooster","2017-07-31T11:16:18",1,"SBD","out",0.93,"normal_tr"
"2017-07-31",1.2,0.929341,"2.000 SBD","misrori","https://steemit.com/holiday/@misrori/parajd-salt-mine","booster","2017-07-31T11:17:18",2,"SBD","out",1.86,"normal_tr"
"2017-08-01",1.2,0.946601,"1.000 SBD","misrori","https://steemit.com/drakula/@misrori/i-am-with-drakula","minnowbooster","2017-08-01T14:53:03",1,"SBD","out",0.95,"normal_tr"
"2017-08-03",1.24,0.946285,"1.000 SBD","misrori","https://steemit.com/off-road/@misrori/off-road-tour-in-romania","minnowbooster","2017-08-03T06:36:18",1,"SBD","out",0.95,"normal_tr"
"2017-08-04",1.27,0.950288,"1.000 SBD","misrori","https://steemit.com/bitcoin/@misrori/the-birth-of-bitcoin-cash-and-the-resilience-of-bitcoin","minnowbooster","2017-08-04T18:22:45",1,"SBD","out",0.95,"normal_tr"
"2017-08-05",1.28,0.974919,"0.001 SBD","curator-whale","Hey there   ! Do you want to send messages/tips to Steemit Followers free of charge?   Then don't miss my latest resteemed blog post. Tool: https://steemtools.club","misrori","2017-08-05T08:12:21",0.001,"SBD","in",0,"normal_tr"
"2017-08-06",1.35,0.974556,"0.001 SBD","joanaltres","Resteeming Service Update: From this point forward all resteems will cost only $2 starting now. You can order a resteem to over 9000 followers for your post by sending 2 SBD (Steem Dollars) and the link to your post to @carlobelgado. The result you get depends on your post quality and how interesting it is to people. Resteems are just like retweets on Twitter - it puts your post in front of more eyeballs but it doesn't guarantee people will click on it to read it and upvote it. More money is only one of the possible benefits from a resteem. You could also gain more followers who support your efforts on Steemit long term. Hopefully, this will help some of you gain more exposure on this great platform where it is very hard these days to attract views for your posts. To order a resteem for your post, send 2 SBD and the link to your post to @carlobelgado, and he will resteem it. Best wishes!","misrori","2017-08-06T12:47:45",0.001,"SBD","in",0,"normal_tr"
"2017-08-07",1.36,0.966123,"1.000 SBD","misrori","https://steemit.com/bitcoin/@misrori/the-birth-of-bitcoin-cash-and-the-resilience-of-bitcoin#@misrori/re-misrori-the-birth-of-bitcoin-cash-and-the-resilience-of-bitcoin-20170807t104511262z","minnowbooster","2017-08-07T10:47:24",1,"SBD","out",0.97,"normal_tr"
"2017-08-07",1.36,0.966123,"1.000 SBD","minnowbooster","Comment voting was disabled, read our update: https://steemit.com/minnowbooster/@minnowbooster/minnowbooster-update-log-10","misrori","2017-08-07T10:47:33",1,"SBD","in",0.97,"normal_tr"
"2017-08-08",1.31,0.93511,"1.000 SBD","misrori","https://steemit.com/bitcoincash/@misrori/bcc-raised-50-in-the-last-two-days","minnowbooster","2017-08-08T06:33:54",1,"SBD","out",0.94,"normal_tr"
"2017-08-09",1.36,0.963086,"1.000 SBD","misrori","https://steemit.com/bitcoincash/@misrori/bitcoin-cash-raised-56-in-the-last-3-days","minnowbooster","2017-08-09T07:18:45",1,"SBD","out",0.96,"normal_tr"
"2017-08-09",1.36,0.963086,"0.001 SBD","joanaltres","RESTEEM SERVICE! We're offering resteems to over 9000 followers for only 2 SBD or 2 STEEM per resteem. Our resteems generally do better than Promoted Posts. See my order page at resteem.com if you are interested, or you can simply send 2 SBD or 2 STEEM now and the link to your post to @carlobelgado and we'll resteem it right away. Resteems get you more views, more followers, more engagement on your post, and usually more money. We've had several repeat buyers who love the service. Thanks!","misrori","2017-08-09T10:10:57",0.001,"SBD","in",0,"normal_tr"
"2017-08-09",1.36,0.963086,"0.001 STEEM","misrori","xetaf-fatak-funyx","minnowsupport","2017-08-09T12:07:15",0.001,"STEEM","out",0,"normal_tr"
"2017-08-09",1.36,0.963086,"0.001 STEEM","misrori","xetif-nonek-kivix","banjo","2017-08-09T12:07:54",0.001,"STEEM","out",0,"normal_tr"
"2017-08-10",1.31,0.916414,"1.000 SBD","misrori","https://steemit.com/steemwhales/@misrori/i-found-the-biggest-steemwhales-in-budapest","minnowsupport","2017-08-10T17:15:21",1,"SBD","out",0.92,"normal_tr"
"2017-08-11",1.21,0.904334,"0.001 SBD","joanaltres","Resteem.com Update. Get your post resteemed to over 10,000 followers for only 2 SBD or 2 STEEM. Resteeming works like a retweet and gives your post on Steemit more exposure, resulting in more views, comments, upvotes, and followers! We already have many satisfied and repeat customers. And now you also get some of your investment back when we upvote you! That's right, you get both a resteem to your post to over 10,000 followers, plus you get upvoted by 3 accounts carrying over 3,000 Steem Power each. To order a resteem, send 2 SBD or 2 STEEM to @carlobelgado, or visit Resteem.com for more information. Thank you! IF YOU DO NOT WANT TO RECEIVE MESSAGES FROM ME ANYMORE, SIMPLY UNFOLLOW ME AND YOU WON'T RECEIVE MESSAGES AGAIN FROM MY ACCOUNT.","misrori","2017-08-11T16:02:36",0.001,"SBD","in",0,"normal_tr"
"2017-08-11",1.21,0.904334,"1.000 SBD","misrori","https://steemit.com/neo/@misrori/12days-400-with-antshares-neo","minnowbooster","2017-08-11T17:02:09",1,"SBD","out",0.9,"normal_tr"
"2017-08-13",1.36,0.855263,"1.000 SBD","misrori","https://steemit.com/neo/@misrori/12days-400-with-antshares-neo","bellyrub","2017-08-13T07:55:00",1,"SBD","out",0.86,"normal_tr"
"2017-08-14",1.24,0.913326,"0.001 SBD","thepunisherr","Do you want your post to be upvoted by a minimum of 200 users and get your post resteemd to nearly 6000 followers? Just sent 2 steem or 2 steemdollar to jones420 and put your post in memo. 200 upvotes? To good to be true? Just take a look at https://steemit.com/@jones420 Have a nice day and steem on!","misrori","2017-08-14T16:14:48",0.001,"SBD","in",0,"normal_tr"
"2017-08-16",1.13,0.869318,"0.001 SBD","joanaltres","Resteem.com Update: BEFORE you order a resteem from someone, check out the total value of our followers against our competition here: https://steemdb.com/accounts/followers - The higher the number of GV, the better. You can see under the ""Followers"" column that @joanaltres followers have a total of over 14 GV, and @carlobelgado followers have a total of over 10 GV. That means when you order a resteem from us, you actually have a good shot at making more money because our followers have more Steem Power than our competitors, and getting more followers for yourself who have more Steem Power is key to growth of your account on Steemit. In fact, if you look up our competitors, you'll see that they don't even compare at all and can't do you much good at all. So go with the first and the best: Resteem.com. It costs only 2 SBD or 2 STEEM and you can also order directly by sending 2 SBD or 2 STEEM to @carlobelgado. WATCH OUT FOR FAKERS WHOSE FOLLOWERS HAVE LOW GV. THEY SWIPE OUR MESSAGES AND PRETEND TO BE US. Unless you get a message from @joanaltres, it is not from resteem.com. Thank you! IF YOU NO LONGER WANT TO RECEIVE MESSAGES FROM ME, SIMPLY UNFOLLOW ME.","misrori","2017-08-16T13:05:27",0.001,"SBD","in",0,"normal_tr"
"2017-08-21",1.41,0.870248,"1.000 SBD","misrori","https://steemit.com/steemit/@misrori/steemwhales-vote-analysis-whales-are-active-8-289-674-votes-from-770-whales","minnowbooster","2017-08-21T05:57:24",1,"SBD","out",0.87,"normal_tr"
"2017-08-21",1.41,0.870248,"1.000 SBD","misrori","https://steemit.com/steemit/@misrori/steemwhales-vote-analysis-whales-are-active-8-289-674-votes-from-770-whales","bellyrub","2017-08-21T06:01:33",1,"SBD","out",0.87,"normal_tr"
"2017-08-28",1.43,0.956818,"1.000 SBD","misrori","https://steemit.com/steem/@misrori/follow-the-crypto-prices-with-my-app","minnowbooster","2017-08-28T08:33:18",1,"SBD","out",0.96,"normal_tr"
"2017-08-28",1.43,0.956818,"1.000 SBD","misrori","https://steemit.com/steem/@misrori/follow-the-crypto-prices-with-my-app","bellyrub","2017-08-28T08:33:54",1,"SBD","out",0.96,"normal_tr"
"2017-08-28",1.43,0.956818,"0.001 SBD","bago","Do you consider your post to be undervalued? Do you want to get more exposure and upvotes?
Just go to: http://resteemservice.com/ The BEST resteem service on steemit!
","misrori","2017-08-28T16:22:36",0.001,"SBD","in",0,"normal_tr"
"2017-08-28",1.43,0.956818,"2.000 SBD","misrori","https://steemit.com/steem/@misrori/follow-the-crypto-prices-with-my-app","jones420","2017-08-28T16:48:09",2,"SBD","out",1.91,"normal_tr"
"2017-08-29",1.46,0.978327,"0.001 SBD","jones420","Do you consider your post to be undervalued? Do you want to get more exposure and upvotes?
Just go to: http://resteemservice.com/ The BEST resteem service on steemit!","misrori","2017-08-29T16:11:33",0.001,"SBD","in",0,"normal_tr"
"2017-08-29",1.46,0.978327,"0.001 SBD","bago","Do you consider your post to be undervalued? Do you want to get more exposure and upvotes?
Just go to: http://resteemservice.com The BEST resteem service on steemit!","misrori","2017-08-29T19:34:09",0.001,"SBD","in",0,"normal_tr"
"2017-08-29",1.46,0.978327,"0.001 SBD","melowd"," SPECIAL RESTEEM: ON EVERY 2 RESTEEM REQUEST, YOU WILL GET THE 3rd ONE FREE. JUST MENTION ""FREE"" IN THE MEMO WITH YOUR URL ON THE 3rd REQUEST. Get More Exposure To Your Blog"" Do you want more Views, Comments, Upvotes, possibly more Followers, Leads and Sales? REQUEST A RESTEEM      To Over 6500 PEOPLE On Steemit. """"""Send 1 Steem/SBD - URL as Memo""""""","misrori","2017-08-29T23:54:24",0.001,"SBD","in",0,"normal_tr"
"2017-12-18",2.33,11.3,"0.100 SBD","misrori","dlive-donation-a156bf40-e421-11e7-a30b-0ffb275b5e0c","jerrybanfield","2017-12-18T19:59:45",0.1,"SBD","out",1.13,"normal_tr"
"2017-12-18",2.33,11.3,"0.100 SBD","jerrybanfield","Refund for invalid bid: 0.100 SBD - Invalid post URL in memo.","misrori","2017-12-18T19:59:48",0.1,"SBD","in",1.13,"normal_tr"
"2017-12-21",3.44,13.36,"0.001 STEEM","hottopic","Hello misrori. I Followed you.If you follow me, I'll be happy.Thanks :)","misrori","2017-12-21T08:29:06",0.001,"STEEM","in",0,"normal_tr"
"2017-12-21",3.44,13.36,"1.000 SBD","misrori","https://steemit.com/development/@misrori/steem-is-finally-rising-check-out-the-price-with-my-application","upmyvote","2017-12-21T09:12:00",1,"SBD","out",13.36,"normal_tr"
"2017-12-21",3.44,13.36,"0.368 SBD","misrori","https://steemit.com/development/@misrori/steem-is-finally-rising-check-out-the-price-with-my-application","jerrybanfield","2017-12-21T09:56:57",0.368,"SBD","out",4.92,"normal_tr"
"2017-12-21",3.44,13.36,"1.000 SBD","misrori","https://steemit.com/development/@misrori/steem-is-finally-rising-check-out-the-price-with-my-application","postpromoter","2017-12-21T11:51:09",1,"SBD","out",13.36,"normal_tr"
"2017-12-21",3.44,13.36,"1.000 SBD","misrori","https://steemit.com/dlive/@jerrybanfield/a156bf40-e421-11e7-a30b-0ffb275b5e0c#@misrori/9572c470-e42c-11e7-ba0b-8fed418eb82d","pushup","2017-12-21T13:24:36",1,"SBD","out",13.36,"normal_tr"
"2017-12-21",3.44,13.36,"1.000 SBD","misrori","https://steemit.com/dlive/@jerrybanfield/a156bf40-e421-11e7-a30b-0ffb275b5e0c#@misrori/565a0c60-e42e-11e7-9cd0-41a72e09a4c2","boomerang","2017-12-21T13:49:48",1,"SBD","out",13.36,"normal_tr"
"2017-12-21",3.44,13.36,"1.000 SBD","misrori","https://steemit.com/bitcoin/@misrori/bitcoin-is-falling-check-out-the-price-action-with-my-app","jerrybanfield","2017-12-21T18:19:15",1,"SBD","out",13.36,"normal_tr"
"2017-12-21",3.44,13.36,"0.001 SBD","sportic","Do resteemed your post. 0.500 SBD/STEEM + memo your post and will see more than 6500 of my followers","misrori","2017-12-21T19:03:06",0.001,"SBD","in",0.01,"normal_tr"
"2017-12-22",3.64,13.41,"1.001 SBD","misrori","https://steemit.com/development/@misrori/steem-is-finally-rising-check-out-the-price-with-my-application#@misrori/re-misrori-steem-is-finally-rising-check-out-the-price-with-my-application-20171221t134548883z","pushup","2017-12-22T07:20:27",1.001,"SBD","out",13.42,"normal_tr"
"2017-12-22",3.64,13.41,"1.000 SBD","misrori","https://steemit.com/development/@misrori/steem-is-finally-rising-check-out-the-price-with-my-application#@misrori/re-misrori-steem-is-finally-rising-check-out-the-price-with-my-application-20171221t134404162z","pushup","2017-12-22T10:42:06",1,"SBD","out",13.41,"normal_tr"
"2017-12-27",3.42,9.36,"1.809 SBD","misrori","https://steemit.com/bitcoin/@misrori/bitcoin-is-falling-check-out-the-price-action-with-my-app#@misrori/re-misrori-bitcoin-is-falling-check-out-the-price-action-with-my-app-20171221t191129622z","pushup","2017-12-27T15:16:51",1.809,"SBD","out",16.93,"normal_tr"
"2017-12-27",3.42,9.36,"4.000 SBD","misrori","https://steemit.com/development/@misrori/steem-is-finally-rising-check-out-the-price-with-my-application","buildawhale","2017-12-27T15:20:24",4,"SBD","out",37.44,"normal_tr"
"2017-12-28",3.23,8.96,"2.406 SBD","misrori","https://steemit.com/bitcoin/@misrori/bitcoin-is-falling-check-out-the-price-action-with-my-app#@misrori/re-misrori-bitcoin-is-falling-check-out-the-price-action-with-my-app-20171222t174510474z","pushup","2017-12-28T08:47:45",2.406,"SBD","out",21.56,"normal_tr"
"2017-12-28",3.23,8.96,"3.000 SBD","misrori","https://steemit.com/bitcoin/@misrori/bitcoin-is-falling-check-out-the-price-action-with-my-app#@misrori/re-misrori-20171222t71736316z","pushup","2017-12-28T13:13:27",3,"SBD","out",26.88,"normal_tr"
"2017-12-28",3.23,8.96,"3.000 SBD","pushup","Unable to accept bid.  (ID:0534166f3983253dd55f971dc6156eab9b80872f)","misrori","2017-12-28T13:14:24",3,"SBD","in",26.88,"normal_tr"
"2017-12-28",3.23,8.96,"3.000 SBD","misrori","https://steemit.com/bitcoin/@misrori/bitcoin-is-falling-check-out-the-price-action-with-my-app#@misrori/re-misrori-20171222t71736316z","pushup","2017-12-28T13:47:18",3,"SBD","out",26.88,"normal_tr"
"2017-12-28",3.23,8.96,"3.000 SBD","pushup","Unable to accept bid.  (ID:d9ae263d0753e768a7e7cea9b0015edd6ae83ec3)","misrori","2017-12-28T13:48:24",3,"SBD","in",26.88,"normal_tr"
"2017-12-28",3.23,8.96,"2.000 SBD","misrori","https://steemit.com/bitcoin/@misrori/bitcoin-is-falling-check-out-the-price-action-with-my-app#@misrori/re-misrori-bitcoin-is-falling-check-out-the-price-action-with-my-app-20171223t055737390z","pushup","2017-12-28T13:49:12",2,"SBD","out",17.92,"normal_tr"
"2017-12-28",3.23,8.96,"2.000 SBD","pushup","Unable to accept bid.  (ID:55fcfd5b0e32460461244ad0605fa8606430ea8b)","misrori","2017-12-28T13:50:12",2,"SBD","in",17.92,"normal_tr"
"2017-12-29",2.92,8,"2.000 SBD","misrori","https://steemit.com/bitcoin/@misrori/bitcoin-is-falling-check-out-the-price-action-with-my-app#@misrori/re-misrori-bitcoin-is-falling-check-out-the-price-action-with-my-app-20171223t055737390z","pushup","2017-12-29T10:20:45",2,"SBD","out",16,"normal_tr"
"2017-12-29",2.92,8,"2.000 SBD","misrori","https://steemit.com/bitcoin/@misrori/bitcoin-is-falling-check-out-the-price-action-with-my-app#@misrori/re-misrori-bitcoin-is-falling-check-out-the-price-action-with-my-app-20171223t055737390z","boomerang","2017-12-29T10:21:45",2,"SBD","out",16,"normal_tr"
"2017-12-29",2.92,8,"0.001 STEEM","steemlike","Now steemlike. 0.1 ~ 9 SBD. return to 245% upvote.","misrori","2017-12-29T10:25:33",0.001,"STEEM","in",0,"normal_tr"
"2017-12-29",2.92,8,"0.001 STEEM","cryptomonitor","Hello there. I'm running budget proposal campaign on Steemit where im looking for investors /  donators to fund future STEEM Windows and Android apps - STEEMER.NET. Would you please consider  contributing to this cool projects with SBD / STEEM / SP donation to my account @cryptomonitor or upvoting my latest presentation / post where i described STEEMER.NET Project in detail?  https://steemit.com/investors-group/@cryptomonitor/steemer-net-steem-blockchain-transactor-for-windows-android-app-funding-update-243-1200-sbd-28-12-2017 Thank you for your support - @cryptomonitor (Discord contact: cryptomonitor#0447)","misrori","2017-12-29T11:33:03",0.001,"STEEM","in",0,"normal_tr"
"2017-12-29",2.92,8,"1.000 SBD","misrori","https://steemit.com/bitcoin/@misrori/bitcoin-is-falling-check-out-the-price-action-with-my-app#@misrori/re-misrori-bitcoin-is-falling-check-out-the-price-action-with-my-app-20171223t055828386z","pushup","2017-12-29T11:54:27",1,"SBD","out",8,"normal_tr"
"2017-12-29",2.92,8,"1.000 SBD","misrori","https://steemit.com/bitcoin/@misrori/bitcoin-is-falling-check-out-the-price-action-with-my-app#@misrori/re-misrori-bitcoin-is-falling-check-out-the-price-action-with-my-app-20171223t055828386z","boomerang","2017-12-29T11:54:57",1,"SBD","out",8,"normal_tr"
"2017-12-29",2.92,8,"1.000 SBD","misrori","https://steemit.com/bitcoin/@misrori/bitcoin-is-falling-check-out-the-price-action-with-my-app#@misrori/re-misrori-bitcoin-is-falling-check-out-the-price-action-with-my-app-20171223t055828386z","allaz","2017-12-29T11:55:24",1,"SBD","out",8,"normal_tr"
"2017-12-29",2.92,8,"1.000 SBD","allaz","Refund for invalid bid: 1.000 SBD - Posts cannot be older than 6 Day(s).","misrori","2017-12-29T11:55:33",1,"SBD","in",8,"normal_tr"
"2017-12-29",2.92,8,"1.000 SBD","misrori","https://steemit.com/bitcoin/@misrori/bitcoin-is-falling-check-out-the-price-action-with-my-app#@misrori/re-misrori-bitcoin-is-falling-check-out-the-price-action-with-my-app-20171223t055828386z","aksdwi","2017-12-29T11:56:30",1,"SBD","out",8,"normal_tr"
"2017-12-29",2.92,8,"1.000 SBD","misrori","https://steemit.com/bitcoin/@misrori/bitcoin-is-falling-check-out-the-price-action-with-my-app#@misrori/re-misrori-20171224t13430444z","boomerang","2017-12-29T14:21:36",1,"SBD","out",8,"normal_tr"
"2017-12-29",2.92,8,"1.000 SBD","misrori","https://steemit.com/bitcoin/@misrori/bitcoin-is-falling-check-out-the-price-action-with-my-app#@misrori/re-misrori-20171224t13430444z","aksdwi","2017-12-29T14:22:03",1,"SBD","out",8,"normal_tr"
"2017-12-30",3.18,9.01,"2.000 SBD","pushup","Unable to accept bid.  (ID:08474198f249e7c0b35a5794f571745b51307936)","misrori","2017-12-30T05:01:18",2,"SBD","in",18.02,"normal_tr"
"2017-12-30",3.18,9.01,"1.000 SBD","pushup","Unable to accept bid.  (ID:6343481c5ab2b5f5bfd60090d7b29bf5a38afc54)","misrori","2017-12-30T05:01:18",1,"SBD","in",9.01,"normal_tr"
"2017-12-30",3.18,9.01,"1.000 SBD","misrori","https://steemit.com/bitcoin/@misrori/bitcoin-is-falling-check-out-the-price-action-with-my-app#@misrori/re-misrori-20171225t152151508z","allaz","2017-12-30T07:40:42",1,"SBD","out",9.01,"normal_tr"
"2017-12-30",3.18,9.01,"1.000 SBD","misrori","https://steemit.com/bitcoin/@misrori/bitcoin-is-falling-check-out-the-price-action-with-my-app#@misrori/re-misrori-20171225t152151508z","aksdwi","2017-12-30T07:41:21",1,"SBD","out",9.01,"normal_tr"
"2017-12-30",3.18,9.01,"2.000 SBD","misrori","https://steemit.com/bitcoin/@misrori/bitcoin-is-falling-check-out-the-price-action-with-my-app#@misrori/re-misrori-20171225t152151508z","boomerang","2017-12-30T07:42:00",2,"SBD","out",18.02,"normal_tr"
"2017-12-31",2.69,7.07,"1.000 SBD","misrori","https://steemit.com/bitcoin/@misrori/bitcoin-is-falling-check-out-the-price-action-with-my-app#@misrori/re-misrori-20171226t123127871z","pushup","2017-12-31T08:28:12",1,"SBD","out",7.07,"normal_tr"
"2017-12-31",2.69,7.07,"1.000 SBD","misrori","https://steemit.com/bitcoin/@misrori/bitcoin-is-falling-check-out-the-price-action-with-my-app#@misrori/re-misrori-20171226t123127871z","boomerang","2017-12-31T08:28:27",1,"SBD","out",7.07,"normal_tr"
"2017-12-31",2.69,7.07,"1.000 SBD","misrori","https://steemit.com/bitcoin/@misrori/bitcoin-is-falling-check-out-the-price-action-with-my-app#@misrori/re-misrori-20171226t123127871z","aksdwi","2017-12-31T08:28:42",1,"SBD","out",7.07,"normal_tr"
"2017-12-31",2.69,7.07,"1.000 SBD","misrori","https://steemit.com/bitcoin/@misrori/bitcoin-is-falling-check-out-the-price-action-with-my-app#@misrori/re-misrori-20171226t123127871z","allaz","2017-12-31T08:28:57",1,"SBD","out",7.07,"normal_tr"
"2018-01-03",6.51,9.91,"1.000 SBD","misrori","https://steemit.com/events/@misrori/uppcomming-events-in-cryptoworld-03-jan-2019","pushup","2018-01-03T08:02:21",1,"SBD","out",9.91,"normal_tr"
"2018-01-03",6.51,9.91,"1.000 SBD","misrori","https://steemit.com/events/@misrori/uppcomming-events-in-cryptoworld-03-jan-2019","boomerang","2018-01-03T08:02:42",1,"SBD","out",9.91,"normal_tr"
"2018-01-03",6.51,9.91,"0.090 SBD","fogel","Thank You for upvote DAILY FREE SBD GIVEAWAY, WEIGHT DISTRIBUTION #2 (December 27)","misrori","2018-01-03T15:35:39",0.09,"SBD","in",0.89,"normal_tr"
"2018-01-03",6.51,9.91,"2.000 SBD","misrori","https://steemit.com/events/@misrori/uppcomming-events-in-cryptoworld-03-jan-2019","buildawhale","2018-01-03T18:01:51",2,"SBD","out",19.82,"normal_tr"
"2018-01-03",6.51,9.91,"1.000 SBD","misrori","https://steemit.com/bitcoin/@misrori/bitcoin-is-falling-check-out-the-price-action-with-my-app#@misrori/re-misrori-bitcoin-is-falling-check-out-the-price-action-with-my-app-20171229t102541097z","boomerang","2018-01-03T18:03:30",1,"SBD","out",9.91,"normal_tr"
"2018-01-03",6.51,9.91,"1.000 SBD","misrori","https://steemit.com/bitcoin/@misrori/bitcoin-is-falling-check-out-the-price-action-with-my-app#@misrori/re-misrori-bitcoin-is-falling-check-out-the-price-action-with-my-app-20171229t102541097z","aksdwi","2018-01-03T18:03:57",1,"SBD","out",9.91,"normal_tr"
"2018-01-03",6.51,9.91,"1.000 SBD","misrori","https://steemit.com/bitcoin/@misrori/bitcoin-is-falling-check-out-the-price-action-with-my-app#@misrori/re-misrori-bitcoin-is-falling-check-out-the-price-action-with-my-app-20171229t102541097z","pushup","2018-01-03T18:04:24",1,"SBD","out",9.91,"normal_tr"
"2018-01-04",8.12,10.17,"0.100 SBD","misrori","https://steemit.com/life/@adsactly/adsactly-personal-tell-me-your-scar-stories-and-i-ll-share-mine#@misrori/re-adsactly-adsactly-personal-tell-me-your-scar-stories-and-i-ll-share-mine-20180104t085840387z","minnowvotes","2018-01-04T08:58:48",0.1,"SBD","out",1.02,"normal_tr"
"2018-01-04",8.12,10.17,"2.000 SBD","misrori","https://steemit.com/newyear/@misrori/daily-posts-of-my-favorite-youtube-crypto-chanels-review","boomerang","2018-01-04T11:38:18",2,"SBD","out",20.34,"normal_tr"
"2018-01-04",8.12,10.17,"2.522 SBD","misrori","https://steemit.com/newyear/@misrori/daily-posts-of-my-favorite-youtube-crypto-chanels-review","booster","2018-01-04T11:39:06",2.522,"SBD","out",25.65,"normal_tr"
"2018-01-04",8.12,10.17,"2.000 SBD","misrori","https://steemit.com/newyear/@misrori/daily-posts-of-my-favorite-youtube-crypto-chanels-review","pushup","2018-01-04T11:40:03",2,"SBD","out",20.34,"normal_tr"
"2018-01-05",6.55,8.81,"0.100 SBD","misrori","https://steemit.com/steemit/@misrori/uppcomming-events-in-cryptoworld-05-jan-2019","steembloggers","2018-01-05T12:11:39",0.1,"SBD","out",0.88,"normal_tr"
"2018-01-05",6.55,8.81,"2.000 SBD","misrori","https://steemit.com/steem/@misrori/uppcomming-events-in-cryptoworld","allaz","2018-01-05T13:18:57",2,"SBD","out",17.62,"normal_tr"
"2018-01-05",6.55,8.81,"1.931 SBD","misrori","https://steemit.com/steem/@misrori/uppcomming-events-in-cryptoworld","postpromoter","2018-01-05T13:19:36",1.931,"SBD","out",17.01,"normal_tr"
"2018-01-06",5.7,7.6,"0.131 SBD","misrori","https://steemit.com/uppcomming/@misrori/3vwiyd-uppcomming-events-in-cryptoworld-05-jan-2019","minnowvotes","2018-01-06T15:47:54",0.131,"SBD","out",1,"normal_tr"
"2018-01-10",5.95,7.84,"10.000 SBD","misrori","https://steemit.com/steem/@misrori/uppcomming-events-in-cryptoworld-07-jan-2019","rocky1","2018-01-10T15:25:21",10,"SBD","out",78.4,"normal_tr"
"2018-01-11",5.32,6.92,"10.000 SBD","misrori","https://steemit.com/bitcoin/@misrori/my-top-10-crypto-youtube-chanel-daily-videos-07-jan-2017","upme","2018-01-11T07:19:36",10,"SBD","out",69.2,"normal_tr"
"2018-01-11",5.32,6.92,"2.000 SBD","misrori","https://steemit.com/uppcomming/@misrori/3vwiyd-uppcomming-events-in-cryptoworld-05-jan-2019","upmyvote","2018-01-11T11:57:09",2,"SBD","out",13.84,"normal_tr"
"2018-01-11",5.32,6.92,"2.394 SBD","misrori","https://steemit.com/uppcomming/@misrori/3vwiyd-uppcomming-events-in-cryptoworld-05-jan-2019","aksdwi","2018-01-11T11:57:48",2.394,"SBD","out",16.57,"normal_tr"
"2018-01-14",6.28,6.83,"10.000 SBD","misrori","https://steemit.com/steem/@misrori/uppcomming-events-in-cryptoworld-11-jan-2019","rocky1","2018-01-14T12:24:30",10,"SBD","out",68.3,"normal_tr"
"2018-01-16",5.44,6.19,"10.000 SBD","misrori","https://steemit.com/uppcomming/@misrori/uppcomming-events-in-cryptoworld-12-jan-2019","postpromoter","2018-01-16T05:21:21",10,"SBD","out",61.9,"normal_tr"
"2018-01-16",5.44,6.19,"10.000 SBD","postpromoter","Refund for invalid bid: 10.000 SBD - Posts cannot be older than 3 Day(s) 12 Hour(s).","misrori","2018-01-16T05:21:33",10,"SBD","in",61.9,"normal_tr"
"2018-01-16",5.44,6.19,"10.000 SBD","misrori","https://steemit.com/bitcoin/@misrori/uppcomming-events-in-cryptoworld-14-jan-2019","postpromoter","2018-01-16T05:31:54",10,"SBD","out",61.9,"normal_tr"
"2018-01-16",5.44,6.19,"3.000 SBD","misrori","https://steemit.com/uppcomming/@misrori/uppcomming-events-in-cryptoworld-12-jan-2019","pushup","2018-01-16T05:38:00",3,"SBD","out",18.57,"normal_tr"
"2018-01-16",5.44,6.19,"0.001 STEEM","hottopic","Resteem to 11.000+ Follower . Send 1 SBD or 3 STEEM to @hottopic ( URL as memo ) Service Active","misrori","2018-01-16T10:56:09",0.001,"STEEM","in",0.01,"normal_tr"
"2018-01-16",5.44,6.19,"3.186 SBD","misrori","https://steemit.com/bitcoin/@misrori/uppcomming-events-in-cryptoworld-13-jan-2019","postpromoter","2018-01-16T14:01:09",3.186,"SBD","out",19.72,"normal_tr"
"2018-01-16",5.44,6.19,"0.866 SBD","misrori","https://steemit.com/steemit/@sndbox/steemit-wallet-101-introduction-and-key-terms-illustrated-update#@misrori/re-sndbox-steemit-wallet-101-introduction-and-key-terms-illustrated-update-20180112t144030051z","pushup","2018-01-16T19:36:36",0.866,"SBD","out",5.36,"normal_tr"
"2018-01-16",5.44,6.19,"0.866 SBD","pushup","Bid refund - Minimum bid is 1 STEEM or SBD.","misrori","2018-01-16T19:36:48",0.866,"SBD","in",5.36,"normal_tr"
"2018-01-17",3.86,4.07,"1.008 SBD","misrori","https://steemit.com/bitcoin/@misrori/ime9s-my-top-10-crypto-youtube-chanel-daily-videos-13-jan-2017","aksdwi","2018-01-17T07:20:03",1.008,"SBD","out",4.1,"normal_tr"
"2018-01-17",3.86,4.07,"0.001 STEEM","hottopic","Resteem to 11.000+ Follower . Send 1 SBD or 3 STEEM to @hottopic ( URL as memo ) Service Active","misrori","2018-01-17T07:30:21",0.001,"STEEM","in",0,"normal_tr"
"2018-01-17",3.86,4.07,"1.373 SBD","misrori","https://steemit.com/bitcoin/@misrori/uppcomming-events-in-cryptoworld-13-jan-2019","buildawhale","2018-01-17T19:45:48",1.373,"SBD","out",5.59,"normal_tr"
"2018-01-17",3.86,4.07,"1.373 SBD","buildawhale","Refund for invalid bid: 1.373 SBD - Min bid amount is 2.","misrori","2018-01-17T19:45:57",1.373,"SBD","in",5.59,"normal_tr"
"2018-01-18",4.08,3.98,"1.000 SBD","misrori","https://steemit.com/steem/@misrori/uppcomming-events-in-cryptoworld-18-jan-2019","hottopic","2018-01-18T06:34:21",1,"SBD","out",3.98,"normal_tr"
"2018-01-18",4.08,3.98,"5.000 SBD","misrori","https://steemit.com/bitcoin/@misrori/ime9s-my-top-10-crypto-youtube-chanel-daily-videos-13-jan-2017","pushup","2018-01-18T07:27:18",5,"SBD","out",19.9,"normal_tr"
"2018-01-18",4.08,3.98,"4.823 SBD","misrori","https://steemit.com/bitcoin/@misrori/ime9s-my-top-10-crypto-youtube-chanel-daily-videos-13-jan-2017","upme","2018-01-18T07:37:36",4.823,"SBD","out",19.2,"normal_tr"
"2018-01-18",4.08,3.98,"4.823 SBD","upme","Refund for invalid bid: 4.823 SBD - Posts cannot be older than 3 Day(s) 12 Hour(s).","misrori","2018-01-18T07:37:45",4.823,"SBD","in",19.2,"normal_tr"
"2018-01-18",4.08,3.98,"0.001 SBD","vallurivikram","Great Opportunity: Delegation Power,Resteem and Upvote A.) Resteem Service: Send 0.500 Steem or 0.500 Steem Dollar (SBD) to @vallurivikram and the URL in the memo that you want resteemed and upvoted. We're offering resteems to over 8000 followers from different accounts and different time zones, this way your post will get more attention. Some of the accounts : @vallurivikram @sk2045 @kishore1988 @bharatcool @sandrajordan483 @kevin2011   and other accounts Please note we just don't resteem, we want to see to it that you posts get maximum attention. We will also promote your posts and also use bot service like @drotto to upvote. Our resteems generally do better than Promoted Posts. Resteems get you more views, more followers, more engagement on your post, and usually more money. B.)Invest in our upvote bot: We are currently in the process of setting up our own voting bot and will be fully functional from Feb 5th. Send 2 Steem or 2 Steem Dollar (SBD) to @vallurivikram and you will get 5 resteems. What more Early 300 adopters will get additional 5 up-votes free from our bot. C.)Steem Power Delegation service: Get resteemed atleast 10 posts and you will be on the priority list to get Steem Power delegation for one day at a nominal charge of 3 SBD. (Will be announcing this soon) Please visit link http://resteem.tk/ Please go through posted link https://steemit.com/steemit/@vallurivikram/great-opportunity-delegation-power-resteem-and-upvote","misrori","2018-01-18T08:06:42",0.001,"SBD","in",0,"normal_tr"
"2018-01-19",4.26,4.18,"0.001 STEEM","steemfuzzy","Thank you for visiting my blog -- @steemfuzzy. Please upvote and follow me.","misrori","2018-01-19T07:59:45",0.001,"STEEM","in",0,"normal_tr"
"2018-01-21",5.76,8.06,"2.000 SBD","misrori","https://steemit.com/bitcoin/@misrori/my-top-10-crypto-youtube-chanel-daily-videos-18-jan-2017","upmyvote","2018-01-21T07:57:45",2,"SBD","out",16.12,"normal_tr"
"2018-01-21",5.76,8.06,"0.001 STEEM","hottopic","Resteem to 11.000+ Follower . Send 1 SBD or 3 STEEM to @hottopic ( URL as memo ) Service Active","misrori","2018-01-21T07:58:18",0.001,"STEEM","in",0.01,"normal_tr"
"2018-01-21",5.76,8.06,"2.000 SBD","misrori","https://steemit.com/bitcoin/@misrori/my-top-10-crypto-youtube-chanel-daily-videos-18-jan-2017","buildawhale","2018-01-21T07:58:45",2,"SBD","out",16.12,"normal_tr"
"2018-01-21",5.76,8.06,"2.000 SBD","buildawhale","Refund for invalid bid: 2.000 SBD - Min bid amount is 2.5.","misrori","2018-01-21T07:58:51",2,"SBD","in",16.12,"normal_tr"
"2018-01-21",5.76,8.06,"2.000 SBD","misrori","https://steemit.com/bitcoin/@misrori/my-top-10-crypto-youtube-chanel-daily-videos-18-jan-2017","boomerang","2018-01-21T07:59:30",2,"SBD","out",16.12,"normal_tr"
"2018-01-21",5.76,8.06,"2.000 SBD","misrori","https://steemit.com/bitcoin/@misrori/my-top-10-crypto-youtube-chanel-daily-videos-18-jan-2017","appreciator","2018-01-21T08:00:12",2,"SBD","out",16.12,"normal_tr"
"2018-01-21",5.76,8.06,"2.000 SBD","boomerang","Refund from @boomerang. Please only bid for posts that are not older then 2.5 days. Memo https://steemit.com/bitcoin/@misrori/my-top-10-crypto-youtube-chanel-daily-videos-18-jan-2017","misrori","2018-01-21T11:18:42",2,"SBD","in",16.12,"normal_tr"
"2018-01-22",4.97,8.42,"10.000 SBD","misrori","https://steemit.com/steem/@misrori/uppcomming-events-in-cryptoworld-19-jan-2019","appreciator","2018-01-22T04:49:57",10,"SBD","out",84.2,"normal_tr"
"2018-01-22",4.97,8.42,"2.000 SBD","misrori","https://steemit.com/steem/@misrori/uppcomming-events-in-cryptoworld-18-jan-2019","upmyvote","2018-01-22T05:00:03",2,"SBD","out",16.84,"normal_tr"
"2018-01-22",4.97,8.42,"5.000 SBD","misrori","https://steemit.com/bitcoin/@misrori/my-top-10-crypto-youtube-chanel-daily-videos-19-jan-2017","upme","2018-01-22T05:12:21",5,"SBD","out",42.1,"normal_tr"
"2018-01-22",4.97,8.42,"5.402 SBD","misrori","https://steemit.com/bitcoin/@misrori/my-top-10-crypto-youtube-chanel-daily-videos-19-jan-2017","pushup","2018-01-22T05:19:33",5.402,"SBD","out",45.48,"normal_tr"
"2018-01-22",4.97,8.42,"1.000 SBD","misrori","https://steemit.com/steem/@misrori/uppcomming-events-in-cryptoworld-22-jan-2019","lays","2018-01-22T08:06:03",1,"SBD","out",8.42,"normal_tr"
"2018-01-22",4.97,8.42,"8.145 SBD","misrori","https://steemit.com/steem/@misrori/uppcomming-events-in-cryptoworld-20-jan-2019","booster","2018-01-22T09:03:09",8.145,"SBD","out",68.58,"normal_tr"
"2018-01-22",4.97,8.42,"0.001 STEEM","hottopic","Resteem to 11.000+ Follower . Send 1 SBD or 3 STEEM to @hottopic ( URL as memo ) Service Active","misrori","2018-01-22T09:03:27",0.001,"STEEM","in",0,"normal_tr"
"2018-01-25",6.08,7.4,"2.000 SBD","misrori","https://steemit.com/steem/@misrori/uppcomming-events-in-cryptoworld-23-jan-2019","upmyvote","2018-01-25T06:45:30",2,"SBD","out",14.8,"normal_tr"
"2018-01-28",6.07,6.86,"5.000 STEEM","misrori","stEoCW3I9aBAK0fMs4f34S5PN2ldd1el","anonsteem","2018-01-28T13:07:18",5,"STEEM","out",30.35,"normal_tr"
"2018-01-29",6.37,7.41,"0.010 SBD","misrori","https://steemit.com/bitcoin/@misrori/uppcomming-events-in-cryptoworld-29-jan-2019","postdoctor","2018-01-29T07:43:06",0.01,"SBD","out",0.07,"normal_tr"
"2018-01-29",6.37,7.41,"0.010 SBD","postdoctor","Refund for invalid bid: 0.010 SBD - Min bid amount is 0.1.","misrori","2018-01-29T07:43:09",0.01,"SBD","in",0.07,"normal_tr"
"2018-01-29",6.37,7.41,"0.100 SBD","misrori","https://steemit.com/bitcoin/@misrori/uppcomming-events-in-cryptoworld-29-jan-2019","postdoctor","2018-01-29T07:44:15",0.1,"SBD","out",0.74,"normal_tr"
"2018-01-29",6.37,7.41,"0.100 SBD","misrori","https://steemit.com/steem/@misrori/my-top-10-crypto-youtube-chanel-daily-videos-28-jan-2017","postdoctor","2018-01-29T09:39:24",0.1,"SBD","out",0.74,"normal_tr"
"2018-01-29",6.37,7.41,"1.000 SBD","misrori","","postdoctor","2018-01-29T09:39:57",1,"SBD","out",7.41,"normal_tr"
"2018-01-29",6.37,7.41,"20.000 SBD","misrori","","postdoctor","2018-01-29T09:42:57",20,"SBD","out",148.2,"normal_tr"
"2018-01-29",6.37,7.41,"0.050 SBD","misrori","https://steemit.com/adsactly/@adsactly/adsactly-short-stories-the-other-side-of-the-coin","postdoctor","2018-01-29T13:05:45",0.05,"SBD","out",0.37,"normal_tr"
"2018-01-29",6.37,7.41,"0.100 SBD","misrori","https://steemit.com/introduceyourself/@postdoctor/postdoctor-a-new-votingbot","superbot","2018-01-29T15:26:36",0.1,"SBD","out",0.74,"normal_tr"
"2018-01-29",6.37,7.41,"0.100 SBD","misrori","https://steemit.com/introduceyourself/@postdoctor/postdoctor-a-new-votingbot","fresteem","2018-01-29T15:27:42",0.1,"SBD","out",0.74,"normal_tr"
"2018-01-29",6.37,7.41,"0.100 SBD","misrori","https://steemit.com/introduceyourself/@postdoctor/postdoctor-a-new-votingbot","resteemr","2018-01-29T15:28:51",0.1,"SBD","out",0.74,"normal_tr"
"2018-01-29",6.37,7.41,"0.100 SBD","misrori","https://steemit.com/life/@thomasjmitchell/the-life-of-a-southern-elephant-seals-molting-at-elephant-point-antarctica","postdoctor","2018-01-29T19:07:12",0.1,"SBD","out",0.74,"normal_tr"
"2018-01-31",4.65,5.07,"0.200 SBD","misrori","https://steemit.com/steem/@misrori/uppcomming-events-in-cryptoworld-31-january-2018","bearwards","2018-01-31T12:20:42",0.2,"SBD","out",1.01,"normal_tr"
"2018-01-31",4.65,5.07,"0.200 SBD","misrori","https://steemit.com/success/@misrori/mys-top-10-crypto-youtube-chanel-daily-videos31-january-2018","bearwards","2018-01-31T13:37:39",0.2,"SBD","out",1.01,"normal_tr"
"2018-01-31",4.65,5.07,"0.100 SBD","misrori","https://steemit.com/success/@misrori/mys-top-10-crypto-youtube-chanel-daily-videos31-january-2018","postdoctor","2018-01-31T13:51:06",0.1,"SBD","out",0.51,"normal_tr"
"2018-02-01",5.12,5.29,"28.362 SBD","misrori","","postdoctor","2018-02-01T13:41:03",28.362,"SBD","out",150.03,"normal_tr"
"2018-02-01",5.12,5.29,"51.182 STEEM","postdoctor","","misrori","2018-02-01T13:53:51",51.182,"STEEM","in",262.05,"normal_tr"
"2018-02-01",5.12,5.29,"1.000 STEEM","misrori","try","postdoctor","2018-02-01T14:05:09",1,"STEEM","out",5.12,"normal_tr"
"2018-02-01",5.12,5.29,"0.500 STEEM","misrori","https://steemit.com/tothemoon@misrori/what-people-thinks-about-iostoken-01-february-2018","postdoctor","2018-02-01T15:10:27",0.5,"STEEM","out",2.56,"normal_tr"
"2018-02-01",5.12,5.29,"0.500 STEEM","misrori","https://steemit.com/hot/@misrori/what-people-thinks-about-emercoin-01-february-2018","postdoctor","2018-02-01T16:10:27",0.5,"STEEM","out",2.56,"normal_tr"
"2018-02-01",5.12,5.29,"0.500 STEEM","misrori","https://steemit.com/bitcoin/@misrori/what-people-thinks-about-zilliqa-01-february-2018","postdoctor","2018-02-01T17:10:30",0.5,"STEEM","out",2.56,"normal_tr"
"2018-02-01",5.12,5.29,"0.500 STEEM","misrori","https://steemit.com/steem/@misrori/what-people-thinks-about-particl-01-february-2018","postdoctor","2018-02-01T18:10:27",0.5,"STEEM","out",2.56,"normal_tr"
"2018-02-01",5.12,5.29,"0.500 STEEM","misrori","https://steemit.com/rise/@misrori/what-people-thinks-about-bitcoin-gold-01-february-2018","postdoctor","2018-02-01T19:10:30",0.5,"STEEM","out",2.56,"normal_tr"
"2018-02-01",5.12,5.29,"0.500 STEEM","misrori","https://steemit.com/hot/@misrori/what-people-thinks-about-veritaseum-01-february-2018","postdoctor","2018-02-01T20:10:27",0.5,"STEEM","out",2.56,"normal_tr"
"2018-02-01",5.12,5.29,"0.500 STEEM","misrori","https://steemit.com/bitcoin/@misrori/what-people-thinks-about-zclassic-01-february-2018","postdoctor","2018-02-01T21:10:30",0.5,"STEEM","out",2.56,"normal_tr"
"2018-02-01",5.12,5.29,"0.500 STEEM","misrori","https://steemit.com/steem/@misrori/what-people-thinks-about-cardano-01-february-2018","postdoctor","2018-02-01T22:10:30",0.5,"STEEM","out",2.56,"normal_tr"
"2018-02-01",5.12,5.29,"0.500 STEEM","misrori","https://steemit.com/bitcoin/@misrori/what-people-thinks-about-nano-02-february-2018","postdoctor","2018-02-01T23:10:30",0.5,"STEEM","out",2.56,"normal_tr"
"2018-02-02",5.02,4.44,"0.500 STEEM","misrori","https://steemit.com/youtube/@misrori/what-people-thinks-about-qash-02-february-2018","postdoctor","2018-02-02T00:10:27",0.5,"STEEM","out",2.51,"normal_tr"
"2018-02-02",5.02,4.44,"0.500 STEEM","misrori","https://steemit.com/steem/@misrori/what-people-thinks-about-nxt-02-february-2018","postdoctor","2018-02-02T01:10:27",0.5,"STEEM","out",2.51,"normal_tr"
"2018-02-02",5.02,4.44,"0.500 STEEM","misrori","https://steemit.com/success/@misrori/what-people-thinks-about-reddcoin-02-february-2018","postdoctor","2018-02-02T02:10:27",0.5,"STEEM","out",2.51,"normal_tr"
"2018-02-02",5.02,4.44,"0.500 STEEM","misrori","https://steemit.com/development/@misrori/what-people-thinks-about-enigma-02-february-2018","postdoctor","2018-02-02T03:10:27",0.5,"STEEM","out",2.51,"normal_tr"
"2018-02-02",5.02,4.44,"0.500 STEEM","misrori","https://steemit.com/internetmoney/@misrori/what-people-thinks-about-gxshares-02-february-2018","postdoctor","2018-02-02T04:10:30",0.5,"STEEM","out",2.51,"normal_tr"
"2018-02-02",5.02,4.44,"0.500 STEEM","misrori","https://steemit.com/development/@misrori/what-people-thinks-about-vechain-02-february-2018","postdoctor","2018-02-02T05:10:30",0.5,"STEEM","out",2.51,"normal_tr"
"2018-02-02",5.02,4.44,"0.500 STEEM","misrori","https://steemit.com/rise/@misrori/what-people-thinks-about-bitshares-02-february-2018","postdoctor","2018-02-02T06:10:30",0.5,"STEEM","out",2.51,"normal_tr"
"2018-02-02",5.02,4.44,"0.500 STEEM","misrori","https://steemit.com/steem/@misrori/what-people-thinks-about-monero-02-february-2018","postdoctor","2018-02-02T07:10:30",0.5,"STEEM","out",2.51,"normal_tr"
"2018-02-02",5.02,4.44,"0.500 STEEM","misrori","https://steemit.com/video/@misrori/what-people-thinks-about-maidsafecoin-02-february-2018","postdoctor","2018-02-02T08:10:30",0.5,"STEEM","out",2.51,"normal_tr"
"2018-02-02",5.02,4.44,"0.500 STEEM","misrori","https://steemit.com/hot/@misrori/what-people-thinks-about-veritaseum-02-february-2018","postdoctor","2018-02-02T09:23:06",0.5,"STEEM","out",2.51,"normal_tr"
"2018-02-02",5.02,4.44,"0.500 STEEM","misrori","https://steemit.com/internetmoney/@misrori/what-people-thinks-about-ignis-02-february-2018","postdoctor","2018-02-02T10:10:27",0.5,"STEEM","out",2.51,"normal_tr"
"2018-02-02",5.02,4.44,"0.500 STEEM","misrori","https://steemit.com/steem/@misrori/what-people-thinks-about-steem-02-february-2018","postdoctor","2018-02-02T11:10:30",0.5,"STEEM","out",2.51,"normal_tr"
"2018-02-02",5.02,4.44,"0.500 STEEM","misrori","https://steemit.com/hot/@misrori/what-people-thinks-about-tron-02-february-2018","postdoctor","2018-02-02T12:10:27",0.5,"STEEM","out",2.51,"normal_tr"
"2018-02-02",5.02,4.44,"0.500 STEEM","misrori","https://steemit.com/youtube/@misrori/what-people-thinks-about-siacoin-02-february-2018","postdoctor","2018-02-02T13:10:27",0.5,"STEEM","out",2.51,"normal_tr"
"2018-02-02",5.02,4.44,"0.500 STEEM","misrori","https://steemit.com/development/@misrori/what-people-thinks-about-syscoin-02-february-2018","postdoctor","2018-02-02T14:10:30",0.5,"STEEM","out",2.51,"normal_tr"
"2018-02-02",5.02,4.44,"0.500 STEEM","misrori","https://steemit.com/development/@misrori/what-people-thinks-about-request-network-02-february-2018","postdoctor","2018-02-02T18:10:30",0.5,"STEEM","out",2.51,"normal_tr"
"2018-02-02",5.02,4.44,"0.500 STEEM","misrori","https://steemit.com/steem/@misrori/what-people-thinks-about-verge-02-february-2018","postdoctor","2018-02-02T19:10:27",0.5,"STEEM","out",2.51,"normal_tr"
"2018-02-02",5.02,4.44,"0.500 STEEM","misrori","https://steemit.com/steem/@misrori/what-people-thinks-about-bitcoin-gold-02-february-2018","postdoctor","2018-02-02T20:10:27",0.5,"STEEM","out",2.51,"normal_tr"
"2018-02-02",5.02,4.44,"0.500 STEEM","misrori","https://steemit.com/internetmoney/@misrori/what-people-thinks-about-digixdao-02-february-2018","postdoctor","2018-02-02T21:10:27",0.5,"STEEM","out",2.51,"normal_tr"
"2018-02-02",5.02,4.44,"0.500 STEEM","misrori","https://steemit.com/video/@misrori/what-people-thinks-about-emercoin-02-february-2018","postdoctor","2018-02-02T22:10:30",0.5,"STEEM","out",2.51,"normal_tr"
"2018-02-02",5.02,4.44,"0.500 STEEM","misrori","https://steemit.com/success/@misrori/what-people-thinks-about-enigma-03-february-2018","postdoctor","2018-02-02T23:10:27",0.5,"STEEM","out",2.51,"normal_tr"
"2018-02-03",4.53,4.15,"0.500 STEEM","misrori","https://steemit.com/hot/@misrori/what-people-thinks-about-qash-03-february-2018","postdoctor","2018-02-03T00:10:27",0.5,"STEEM","out",2.27,"normal_tr"
"2018-02-03",4.53,4.15,"0.500 STEEM","misrori","https://steemit.com/rise/@misrori/what-people-thinks-about-bitcoin-gold-03-february-2018","postdoctor","2018-02-03T01:10:27",0.5,"STEEM","out",2.27,"normal_tr"
"2018-02-03",4.53,4.15,"0.500 STEEM","misrori","https://steemit.com/hot/@misrori/what-people-thinks-about-binance-coin-03-february-2018","postdoctor","2018-02-03T02:10:30",0.5,"STEEM","out",2.27,"normal_tr"
"2018-02-03",4.53,4.15,"0.500 STEEM","misrori","https://steemit.com/internetmoney/@misrori/what-people-thinks-about-power-ledger-03-february-2018","postdoctor","2018-02-03T03:10:27",0.5,"STEEM","out",2.27,"normal_tr"
"2018-02-03",4.53,4.15,"0.500 STEEM","misrori","https://steemit.com/development/@misrori/what-people-thinks-about-revain-03-february-2018","postdoctor","2018-02-03T04:10:27",0.5,"STEEM","out",2.27,"normal_tr"
"2018-02-03",4.53,4.15,"0.500 STEEM","misrori","https://steemit.com/internetmoney/@misrori/what-people-thinks-about-status-03-february-2018","postdoctor","2018-02-03T05:10:27",0.5,"STEEM","out",2.27,"normal_tr"
"2018-02-03",4.53,4.15,"0.500 STEEM","misrori","https://steemit.com/hot/@misrori/what-people-thinks-about-zilliqa-03-february-2018","postdoctor","2018-02-03T06:10:27",0.5,"STEEM","out",2.27,"normal_tr"
"2018-02-03",4.53,4.15,"0.500 STEEM","misrori","https://steemit.com/development/@misrori/what-people-thinks-about-kin-03-february-2018","postdoctor","2018-02-03T07:10:30",0.5,"STEEM","out",2.27,"normal_tr"
"2018-02-03",4.53,4.15,"0.500 STEEM","misrori","https://steemit.com/bitcoin/@misrori/what-people-thinks-about-vechain-03-february-2018","postdoctor","2018-02-03T08:10:30",0.5,"STEEM","out",2.27,"normal_tr"
"2018-02-03",4.53,4.15,"0.500 STEEM","misrori","https://steemit.com/hot/@misrori/what-people-thinks-about-neo-03-february-2018","postdoctor","2018-02-03T09:10:27",0.5,"STEEM","out",2.27,"normal_tr"
"2018-02-03",4.53,4.15,"0.500 STEEM","misrori","https://steemit.com/development/@misrori/what-people-thinks-about-singularitynet-03-february-2018","postdoctor","2018-02-03T10:10:27",0.5,"STEEM","out",2.27,"normal_tr"
"2018-02-03",4.53,4.15,"0.500 STEEM","misrori","https://steemit.com/internetmoney/@misrori/what-people-thinks-about-dentacoin-03-february-2018","postdoctor","2018-02-03T11:10:27",0.5,"STEEM","out",2.27,"normal_tr"
"2018-02-03",4.53,4.15,"0.500 STEEM","misrori","https://steemit.com/hot/@misrori/what-people-thinks-about-nano-03-february-2018","postdoctor","2018-02-03T12:10:30",0.5,"STEEM","out",2.27,"normal_tr"
"2018-02-03",4.53,4.15,"0.500 STEEM","misrori","https://steemit.com/bitcoin/@misrori/what-people-thinks-about-populous-03-february-2018","postdoctor","2018-02-03T13:10:27",0.5,"STEEM","out",2.27,"normal_tr"
"2018-02-03",4.53,4.15,"0.500 STEEM","misrori","https://steemit.com/rise/@misrori/what-people-thinks-about-waves-03-february-2018","postdoctor","2018-02-03T14:10:30",0.5,"STEEM","out",2.27,"normal_tr"
"2018-02-03",4.53,4.15,"0.500 STEEM","misrori","https://steemit.com/development/@misrori/what-people-thinks-about-pillar-03-february-2018","postdoctor","2018-02-03T16:20:03",0.5,"STEEM","out",2.27,"normal_tr"
"2018-02-03",4.53,4.15,"0.500 STEEM","misrori","https://steemit.com/tothemoon/@misrori/what-people-thinks-about-ark-03-february-2018","postdoctor","2018-02-03T18:20:42",0.5,"STEEM","out",2.27,"normal_tr"
"2018-02-03",4.53,4.15,"0.500 STEEM","misrori","https://steemit.com/rise/@misrori/what-people-thinks-about-litecoin-03-february-2018","postdoctor","2018-02-03T19:15:30",0.5,"STEEM","out",2.27,"normal_tr"
"2018-02-03",4.53,4.15,"0.500 STEEM","misrori","https://steemit.com/internetmoney/@misrori/what-people-thinks-about-kyber-network-03-february-2018","postdoctor","2018-02-03T20:15:27",0.5,"STEEM","out",2.27,"normal_tr"
"2018-02-03",4.53,4.15,"0.500 STEEM","misrori","https://steemit.com/bitcoin/@misrori/what-people-thinks-about-particl-03-february-2018","postdoctor","2018-02-03T21:15:27",0.5,"STEEM","out",2.27,"normal_tr"
"2018-02-03",4.53,4.15,"0.500 STEEM","misrori","https://steemit.com/tothemoon/@misrori/what-people-thinks-about-gamecredits-03-february-2018","postdoctor","2018-02-03T22:15:30",0.5,"STEEM","out",2.27,"normal_tr"
"2018-02-03",4.53,4.15,"0.500 STEEM","misrori","https://steemit.com/bitcoin/@misrori/what-people-thinks-about-ethereum-classic-04-february-2018","postdoctor","2018-02-03T23:15:30",0.5,"STEEM","out",2.27,"normal_tr"
"2018-02-04",4.38,3.93,"0.500 STEEM","misrori","https://steemit.com/youtube/@misrori/what-people-thinks-about-gxshares-04-february-2018","postdoctor","2018-02-04T00:15:30",0.5,"STEEM","out",2.19,"normal_tr"
"2018-02-04",4.38,3.93,"0.500 STEEM","misrori","https://steemit.com/steem/@misrori/what-people-thinks-about-wax-04-february-2018","postdoctor","2018-02-04T01:15:27",0.5,"STEEM","out",2.19,"normal_tr"
"2018-02-04",4.38,3.93,"0.500 STEEM","misrori","https://steemit.com/rise/@misrori/what-people-thinks-about-hshare-04-february-2018","postdoctor","2018-02-04T02:15:27",0.5,"STEEM","out",2.19,"normal_tr"
"2018-02-04",4.38,3.93,"0.500 STEEM","misrori","https://steemit.com/hot/@misrori/what-people-thinks-about-binance-coin-04-february-2018","postdoctor","2018-02-04T03:15:27",0.5,"STEEM","out",2.19,"normal_tr"
"2018-02-04",4.38,3.93,"0.500 STEEM","misrori","https://steemit.com/internetmoney/@misrori/what-people-thinks-about-tron-04-february-2018","postdoctor","2018-02-04T04:15:27",0.5,"STEEM","out",2.19,"normal_tr"
"2018-02-04",4.38,3.93,"0.500 STEEM","misrori","https://steemit.com/development/@misrori/what-people-thinks-about-kucoin-shares-04-february-2018","postdoctor","2018-02-04T06:15:27",0.5,"STEEM","out",2.19,"normal_tr"
"2018-02-04",4.38,3.93,"0.500 STEEM","misrori","https://steemit.com/hot/@misrori/what-people-thinks-about-verge-04-february-2018","postdoctor","2018-02-04T07:15:27",0.5,"STEEM","out",2.19,"normal_tr"
"2018-02-04",4.38,3.93,"0.500 STEEM","misrori","https://steemit.com/bitcoin/@misrori/what-people-thinks-about-digixdao-04-february-2018","postdoctor","2018-02-04T08:15:30",0.5,"STEEM","out",2.19,"normal_tr"
"2018-02-04",4.38,3.93,"0.500 STEEM","misrori","https://steemit.com/youtube/@misrori/what-people-thinks-about-bytecoin-04-february-2018","postdoctor","2018-02-04T10:15:27",0.5,"STEEM","out",2.19,"normal_tr"
"2018-02-04",4.38,3.93,"0.500 STEEM","misrori","https://steemit.com/rise/@misrori/what-people-thinks-about-walton-04-february-2018","postdoctor","2018-02-04T11:15:27",0.5,"STEEM","out",2.19,"normal_tr"
"2018-02-04",4.38,3.93,"0.500 STEEM","misrori","https://steemit.com/development/@misrori/what-people-thinks-about-maidsafecoin-04-february-2018","postdoctor","2018-02-04T12:15:30",0.5,"STEEM","out",2.19,"normal_tr"
"2018-02-04",4.38,3.93,"0.500 STEEM","misrori","https://steemit.com/tothemoon/@misrori/what-people-thinks-about-cryptonex-04-february-2018","postdoctor","2018-02-04T13:15:27",0.5,"STEEM","out",2.19,"normal_tr"
"2018-02-04",4.38,3.93,"33.100 STEEM","postdoctor","","misrori","2018-02-04T14:34:18",33.1,"STEEM","in",144.98,"normal_tr"
"2018-02-04",4.38,3.93,"0.200 STEEM","msp-bidbot","Refund for invalid bid: 0.200 STEEM - Bids in STEEM are not accepted.","misrori","2018-02-04T15:15:45",0.2,"STEEM","in",0.88,"normal_tr"
"2018-02-04",4.38,3.93,"0.200 STEEM","msp-bidbot","Refund for invalid bid: 0.200 STEEM - Bids in STEEM are not accepted.","misrori","2018-02-04T15:15:57",0.2,"STEEM","in",0.88,"normal_tr"
"2018-02-04",4.38,3.93,"0.200 STEEM","msp-bidbot","Refund for invalid bid: 0.200 STEEM - Bids in STEEM are not accepted.","misrori","2018-02-04T15:16:06",0.2,"STEEM","in",0.88,"normal_tr"
"2018-02-04",4.38,3.93,"0.200 STEEM","msp-bidbot","Refund for invalid bid: 0.200 STEEM - Bids in STEEM are not accepted.","misrori","2018-02-04T15:20:36",0.2,"STEEM","in",0.88,"normal_tr"
"2018-02-04",4.38,3.93,"0.200 STEEM","msp-bidbot","Refund for invalid bid: 0.200 STEEM - Bids in STEEM are not accepted.","misrori","2018-02-04T15:20:45",0.2,"STEEM","in",0.88,"normal_tr"
"2018-02-04",4.38,3.93,"0.200 STEEM","msp-bidbot","Refund for invalid bid: 0.200 STEEM - Bids in STEEM are not accepted.","misrori","2018-02-04T15:20:57",0.2,"STEEM","in",0.88,"normal_tr"
"2018-02-04",4.38,3.93,"0.200 STEEM","misrori","https://steemit.com/development/@misrori/what-people-thinks-about-funfair-04-february-2018","mercurybot","2018-02-04T17:37:39",0.2,"STEEM","out",0.88,"normal_tr"
"2018-02-04",4.38,3.93,"0.200 STEEM","misrori","https://steemit.com/development/@misrori/what-people-thinks-about-funfair-04-february-2018","msp-bidbot","2018-02-04T17:37:51",0.2,"STEEM","out",0.88,"normal_tr"
"2018-02-04",4.38,3.93,"0.200 STEEM","misrori","https://steemit.com/development/@misrori/what-people-thinks-about-funfair-04-february-2018","minnowvotes","2018-02-04T17:38:03",0.2,"STEEM","out",0.88,"normal_tr"
"2018-02-04",4.38,3.93,"0.200 STEEM","msp-bidbot","Refund for invalid bid: 0.200 STEEM - Bids in STEEM are not accepted.","misrori","2018-02-04T17:38:09",0.2,"STEEM","in",0.88,"normal_tr"
"2018-02-04",4.38,3.93,"0.200 STEEM","misrori","https://steemit.com/youtube/@misrori/what-people-thinks-about-neo-04-february-2018","mercurybot","2018-02-04T18:15:30",0.2,"STEEM","out",0.88,"normal_tr"
"2018-02-04",4.38,3.93,"0.200 SBD","misrori","https://steemit.com/youtube/@misrori/what-people-thinks-about-neo-04-february-2018","msp-bidbot","2018-02-04T18:15:42",0.2,"SBD","out",0.79,"normal_tr"
"2018-02-04",4.38,3.93,"0.200 STEEM","misrori","https://steemit.com/youtube/@misrori/what-people-thinks-about-neo-04-february-2018","minnowvotes","2018-02-04T18:15:51",0.2,"STEEM","out",0.88,"normal_tr"
"2018-02-04",4.38,3.93,"0.200 STEEM","misrori","https://steemit.com/bitcoin/@misrori/what-people-thinks-about-zilliqa-04-february-2018","mercurybot","2018-02-04T19:15:30",0.2,"STEEM","out",0.88,"normal_tr"
"2018-02-04",4.38,3.93,"0.200 SBD","misrori","https://steemit.com/bitcoin/@misrori/what-people-thinks-about-zilliqa-04-february-2018","msp-bidbot","2018-02-04T19:15:39",0.2,"SBD","out",0.79,"normal_tr"
"2018-02-04",4.38,3.93,"0.200 STEEM","misrori","https://steemit.com/bitcoin/@misrori/what-people-thinks-about-zilliqa-04-february-2018","minnowvotes","2018-02-04T19:15:51",0.2,"STEEM","out",0.88,"normal_tr"
"2018-02-04",4.38,3.93,"0.200 STEEM","misrori","https://steemit.com/youtube/@misrori/what-people-thinks-about-ark-04-february-2018","mercurybot","2018-02-04T21:15:27",0.2,"STEEM","out",0.88,"normal_tr"
"2018-02-04",4.38,3.93,"0.200 SBD","misrori","https://steemit.com/youtube/@misrori/what-people-thinks-about-ark-04-february-2018","msp-bidbot","2018-02-04T21:15:39",0.2,"SBD","out",0.79,"normal_tr"
"2018-02-04",4.38,3.93,"0.200 STEEM","misrori","https://steemit.com/youtube/@misrori/what-people-thinks-about-ark-04-february-2018","minnowvotes","2018-02-04T21:15:51",0.2,"STEEM","out",0.88,"normal_tr"
"2018-02-04",4.38,3.93,"0.200 STEEM","misrori","https://steemit.com/rise/@misrori/what-people-thinks-about-nano-04-february-2018","mercurybot","2018-02-04T22:15:30",0.2,"STEEM","out",0.88,"normal_tr"
"2018-02-04",4.38,3.93,"0.200 SBD","misrori","https://steemit.com/rise/@misrori/what-people-thinks-about-nano-04-february-2018","msp-bidbot","2018-02-04T22:15:42",0.2,"SBD","out",0.79,"normal_tr"
"2018-02-04",4.38,3.93,"0.200 STEEM","misrori","https://steemit.com/rise/@misrori/what-people-thinks-about-nano-04-february-2018","minnowvotes","2018-02-04T22:15:51",0.2,"STEEM","out",0.88,"normal_tr"
"2018-02-04",4.38,3.93,"0.200 STEEM","misrori","https://steemit.com/bitcoin/@misrori/what-people-thinks-about-bitcoin-cash-05-february-2018","mercurybot","2018-02-04T23:15:27",0.2,"STEEM","out",0.88,"normal_tr"
"2018-02-04",4.38,3.93,"0.200 SBD","misrori","https://steemit.com/bitcoin/@misrori/what-people-thinks-about-bitcoin-cash-05-february-2018","msp-bidbot","2018-02-04T23:15:39",0.2,"SBD","out",0.79,"normal_tr"
"2018-02-04",4.38,3.93,"0.200 STEEM","misrori","https://steemit.com/bitcoin/@misrori/what-people-thinks-about-bitcoin-cash-05-february-2018","minnowvotes","2018-02-04T23:15:51",0.2,"STEEM","out",0.88,"normal_tr"
"2018-02-05",3.89,3.43,"0.200 STEEM","misrori","https://steemit.com/success/@misrori/what-people-thinks-about-dentacoin-05-february-2018","mercurybot","2018-02-05T00:15:27",0.2,"STEEM","out",0.78,"normal_tr"
"2018-02-05",3.89,3.43,"0.200 SBD","misrori","https://steemit.com/success/@misrori/what-people-thinks-about-dentacoin-05-february-2018","msp-bidbot","2018-02-05T00:15:39",0.2,"SBD","out",0.69,"normal_tr"
"2018-02-05",3.89,3.43,"0.200 STEEM","misrori","https://steemit.com/success/@misrori/what-people-thinks-about-dentacoin-05-february-2018","minnowvotes","2018-02-05T00:15:51",0.2,"STEEM","out",0.78,"normal_tr"
"2018-02-05",3.89,3.43,"0.200 STEEM","misrori","https://steemit.com/development/@misrori/what-people-thinks-about-basic-attention-token-05-february-2018","mercurybot","2018-02-05T01:15:27",0.2,"STEEM","out",0.78,"normal_tr"
"2018-02-05",3.89,3.43,"0.200 SBD","misrori","https://steemit.com/development/@misrori/what-people-thinks-about-basic-attention-token-05-february-2018","msp-bidbot","2018-02-05T01:15:39",0.2,"SBD","out",0.69,"normal_tr"
"2018-02-05",3.89,3.43,"0.200 STEEM","misrori","https://steemit.com/development/@misrori/what-people-thinks-about-basic-attention-token-05-february-2018","minnowvotes","2018-02-05T01:15:51",0.2,"STEEM","out",0.78,"normal_tr"
"2018-02-05",3.89,3.43,"0.200 STEEM","misrori","https://steemit.com/youtube/@misrori/what-people-thinks-about-qash-05-february-2018","mercurybot","2018-02-05T02:15:27",0.2,"STEEM","out",0.78,"normal_tr"
"2018-02-05",3.89,3.43,"0.200 SBD","misrori","https://steemit.com/youtube/@misrori/what-people-thinks-about-qash-05-february-2018","msp-bidbot","2018-02-05T02:15:39",0.2,"SBD","out",0.69,"normal_tr"
"2018-02-05",3.89,3.43,"0.200 STEEM","misrori","https://steemit.com/youtube/@misrori/what-people-thinks-about-qash-05-february-2018","minnowvotes","2018-02-05T02:15:51",0.2,"STEEM","out",0.78,"normal_tr"
"2018-02-05",3.89,3.43,"0.200 STEEM","misrori","https://steemit.com/internetmoney/@misrori/what-people-thinks-about-hshare-05-february-2018","mercurybot","2018-02-05T03:15:27",0.2,"STEEM","out",0.78,"normal_tr"
"2018-02-05",3.89,3.43,"0.200 SBD","misrori","https://steemit.com/internetmoney/@misrori/what-people-thinks-about-hshare-05-february-2018","msp-bidbot","2018-02-05T03:15:39",0.2,"SBD","out",0.69,"normal_tr"
"2018-02-05",3.89,3.43,"0.200 STEEM","misrori","https://steemit.com/internetmoney/@misrori/what-people-thinks-about-hshare-05-february-2018","minnowvotes","2018-02-05T03:15:51",0.2,"STEEM","out",0.78,"normal_tr"
"2018-02-05",3.89,3.43,"0.200 STEEM","misrori","https://steemit.com/steem/@misrori/what-people-thinks-about-siacoin-05-february-2018","mercurybot","2018-02-05T04:15:30",0.2,"STEEM","out",0.78,"normal_tr"
"2018-02-05",3.89,3.43,"0.200 STEEM","misrori","https://steemit.com/tothemoon/@misrori/what-people-thinks-about-vechain-05-february-2018","mercurybot","2018-02-05T05:15:30",0.2,"STEEM","out",0.78,"normal_tr"
"2018-02-05",3.89,3.43,"0.200 STEEM","misrori","https://steemit.com/hot/@misrori/what-people-thinks-about-aelf-05-february-2018","mercurybot","2018-02-05T06:15:27",0.2,"STEEM","out",0.78,"normal_tr"
"2018-02-05",3.89,3.43,"0.200 STEEM","misrori","https://steemit.com/tothemoon/@misrori/what-people-thinks-about-syscoin-05-february-2018","mercurybot","2018-02-05T07:15:27",0.2,"STEEM","out",0.78,"normal_tr"
"2018-02-05",3.89,3.43,"0.200 STEEM","misrori","https://steemit.com/internetmoney/@misrori/what-people-thinks-about-iconomi-05-february-2018","mercurybot","2018-02-05T08:15:30",0.2,"STEEM","out",0.78,"normal_tr"
"2018-02-05",3.89,3.43,"0.200 SBD","misrori","https://steemit.com/internetmoney/@misrori/what-people-thinks-about-iconomi-05-february-2018","msp-bidbot","2018-02-05T08:15:39",0.2,"SBD","out",0.69,"normal_tr"
"2018-02-05",3.89,3.43,"0.200 STEEM","misrori","https://steemit.com/internetmoney/@misrori/what-people-thinks-about-iconomi-05-february-2018","minnowvotes","2018-02-05T08:15:51",0.2,"STEEM","out",0.78,"normal_tr"
"2018-02-05",3.89,3.43,"47.290 STEEM","misrori","","postdoctor","2018-02-05T19:28:48",47.29,"STEEM","out",183.96,"normal_tr"
"2018-02-06",3.33,2.84,"199.624 STEEM","blocktrades","","misrori","2018-02-06T05:30:36",199.624,"STEEM","in",664.75,"investment"
"2018-02-06",3.33,2.84,"199.624 STEEM","misrori","","postdoctor","2018-02-06T06:33:24",199.624,"STEEM","out",664.75,"normal_tr"
"2018-02-06",3.33,2.84,"0.556 SBD","misrori","https://steemit.com/votingbot/@postdoctor/postdoctor-is-running-now-with-10k-sp","postdoctor","2018-02-06T12:06:18",0.556,"SBD","out",1.58,"normal_tr"
"2018-02-06",3.33,2.84,"3.324 STEEM","postdoctor","","misrori","2018-02-06T12:32:57",3.324,"STEEM","in",11.07,"normal_tr"
"2018-02-06",3.33,2.84,"0.500 STEEM","misrori","https://steemit.com/tothemoon/@misrori/mys-top-10-crypto-youtube-chanel-daily-videos-05-february-2018","postdoctor","2018-02-06T12:34:57",0.5,"STEEM","out",1.66,"normal_tr"
"2018-02-06",3.33,2.84,"1.000 STEEM","misrori","https://steemit.com/tothemoon/@misrori/what-people-thinks-about-syscoin-05-february-2018","postdoctor","2018-02-06T19:35:24",1,"STEEM","out",3.33,"normal_tr"
"2018-02-07",3.89,3.2,"0.200 STEEM","misrori","https://steemit.com/success/@misrori/what-people-thinks-about-stellar-07-february-2018","mercurybot","2018-02-07T11:59:30",0.2,"STEEM","out",0.78,"normal_tr"
"2018-02-07",3.89,3.2,"0.200 SBD","misrori","https://steemit.com/success/@misrori/what-people-thinks-about-stellar-07-february-2018","msp-bidbot","2018-02-07T11:59:42",0.2,"SBD","out",0.64,"normal_tr"
"2018-02-08",3.65,3.14,"0.200 STEEM","misrori","https://steemit.com/tothemoon/@misrori/what-people-thinks-about-icon-08-february-2018","mercurybot","2018-02-08T08:15:30",0.2,"STEEM","out",0.73,"normal_tr"
"2018-02-08",3.65,3.14,"0.200 SBD","misrori","https://steemit.com/tothemoon/@misrori/what-people-thinks-about-icon-08-february-2018","msp-bidbot","2018-02-08T08:15:39",0.2,"SBD","out",0.63,"normal_tr"
"2018-02-08",3.65,3.14,"0.200 STEEM","misrori","https://steemit.com/tothemoon/@misrori/what-people-thinks-about-bancor-08-february-2018","mercurybot","2018-02-08T09:15:30",0.2,"STEEM","out",0.73,"normal_tr"
"2018-02-08",3.65,3.14,"0.200 SBD","misrori","https://steemit.com/tothemoon/@misrori/what-people-thinks-about-bancor-08-february-2018","msp-bidbot","2018-02-08T09:15:39",0.2,"SBD","out",0.63,"normal_tr"
"2018-02-08",3.65,3.14,"0.200 STEEM","misrori","https://steemit.com/bitcoin/@misrori/what-people-thinks-about-syscoin-08-february-2018","mercurybot","2018-02-08T10:15:30",0.2,"STEEM","out",0.73,"normal_tr"
"2018-02-08",3.65,3.14,"0.200 SBD","misrori","https://steemit.com/bitcoin/@misrori/what-people-thinks-about-syscoin-08-february-2018","msp-bidbot","2018-02-08T10:15:39",0.2,"SBD","out",0.63,"normal_tr"
"2018-02-08",3.65,3.14,"0.200 STEEM","misrori","https://steemit.com/video/@misrori/what-people-thinks-about-zcoin-08-february-2018","mercurybot","2018-02-08T11:15:30",0.2,"STEEM","out",0.73,"normal_tr"
"2018-02-08",3.65,3.14,"0.200 SBD","misrori","https://steemit.com/video/@misrori/what-people-thinks-about-zcoin-08-february-2018","msp-bidbot","2018-02-08T11:15:39",0.2,"SBD","out",0.63,"normal_tr"
"2018-02-08",3.65,3.14,"0.200 STEEM","misrori","https://steemit.com/youtube/@misrori/what-people-thinks-about-dent-08-february-2018","mercurybot","2018-02-08T12:15:27",0.2,"STEEM","out",0.73,"normal_tr"
"2018-02-08",3.65,3.14,"0.200 SBD","misrori","https://steemit.com/youtube/@misrori/what-people-thinks-about-dent-08-february-2018","msp-bidbot","2018-02-08T12:15:39",0.2,"SBD","out",0.63,"normal_tr"
"2018-02-08",3.65,3.14,"0.200 STEEM","misrori","https://steemit.com/internetmoney/@misrori/what-people-thinks-about-monacoin-08-february-2018","mercurybot","2018-02-08T13:15:30",0.2,"STEEM","out",0.73,"normal_tr"
"2018-02-08",3.65,3.14,"0.200 SBD","misrori","https://steemit.com/internetmoney/@misrori/what-people-thinks-about-monacoin-08-february-2018","msp-bidbot","2018-02-08T13:15:39",0.2,"SBD","out",0.63,"normal_tr"
"2018-02-08",3.65,3.14,"0.200 STEEM","misrori","https://steemit.com/development/@misrori/what-people-thinks-about-ark-08-february-2018","mercurybot","2018-02-08T14:15:30",0.2,"STEEM","out",0.73,"normal_tr"
"2018-02-08",3.65,3.14,"0.200 SBD","misrori","https://steemit.com/development/@misrori/what-people-thinks-about-ark-08-february-2018","msp-bidbot","2018-02-08T14:15:42",0.2,"SBD","out",0.63,"normal_tr"
"2018-02-08",3.65,3.14,"0.200 STEEM","misrori","https://steemit.com/success/@misrori/what-people-thinks-about-power-ledger-08-february-2018","mercurybot","2018-02-08T15:15:30",0.2,"STEEM","out",0.73,"normal_tr"
"2018-02-12",4,4.64,"5.000 STEEM","misrori","stOCoFbuMMxUGNqb8x4sRuLoSVRyolkG","anonsteem","2018-02-12T09:06:30",5,"STEEM","out",20,"normal_tr"
"2018-02-12",4,4.64,"1.000 SBD","misrori","https://steemit.com/hot/@misrori/what-people-thinks-about-siacoin-12-february-2018","edensgarden","2018-02-12T13:22:36",1,"SBD","out",4.64,"normal_tr"
"2018-02-13",4.45,5.17,"0.200 SBD","misrori","https://steemit.com/bitcoin/@misrori/what-people-thinks-about-steem-12-february-2018","postdoctor","2018-02-13T07:34:48",0.2,"SBD","out",1.03,"normal_tr"
"2018-02-13",4.45,5.17,"0.200 SBD","misrori","https://steemit.com/video/@misrori/uppcomming-events-in-cryptoworld-13-february-2018","edensgarden","2018-02-13T07:45:09",0.2,"SBD","out",1.03,"normal_tr"
"2018-02-13",4.45,5.17,"0.119 SBD","edensgarden","Round Earnings - 0.119 SBD | Thank you!","misrori","2018-02-13T07:45:54",0.119,"SBD","in",0.62,"normal_tr"
"2018-02-13",4.45,5.17,"0.100 SBD","misrori","https://steemit.com/tothemoon/@misrori/what-people-thinks-about-lisk-13-february-2018","minnowvotes","2018-02-13T10:55:18",0.1,"SBD","out",0.52,"normal_tr"
"2018-02-13",4.45,5.17,"0.100 SBD","misrori","https://steemit.com/success/@misrori/what-people-thinks-about-monacoin-13-february-2018","mercurybot","2018-02-13T11:53:51",0.1,"SBD","out",0.52,"normal_tr"
"2018-02-13",4.45,5.17,"0.200 SBD","misrori","https://steemit.com/development/@misrori/mys-top-10-crypto-youtube-chanel-daily-videos-13-february-2018","bearwards","2018-02-13T12:04:39",0.2,"SBD","out",1.03,"normal_tr"
"2018-02-13",4.45,5.17,"0.050 SBD","misrori","https://steemit.com/development/@misrori/mys-top-10-crypto-youtube-chanel-daily-videos-13-february-2018","whalebuilder","2018-02-13T12:05:21",0.05,"SBD","out",0.26,"normal_tr"
"2018-02-13",4.45,5.17,"0.500 SBD","misrori","https://steemit.com/development/@misrori/mys-top-10-crypto-youtube-chanel-daily-videos-13-february-2018","smartsteem","2018-02-13T12:16:03",0.5,"SBD","out",2.58,"normal_tr"
"2018-02-13",4.45,5.17,"0.001 STEEM","hottopic","Resteem to 13.000+ Follower . Send 1 SBD or 3 STEEM to @hottopic ( URL as memo ) Service Active","misrori","2018-02-13T12:16:39",0.001,"STEEM","in",0,"normal_tr"
"2018-02-13",4.45,5.17,"0.100 SBD","misrori","https://steemit.com/development/@misrori/mys-top-10-crypto-youtube-chanel-daily-videos-13-february-2018","allaz","2018-02-13T12:54:30",0.1,"SBD","out",0.52,"normal_tr"
"2018-02-13",4.45,5.17,"1.000 SBD","misrori","https://steemit.com/tothemoon/@misrori/what-people-thinks-about-stellar-13-february-2018","upmyvote","2018-02-13T13:08:57",1,"SBD","out",5.17,"normal_tr"
"2018-02-13",4.45,5.17,"0.001 SBD","upmyvote","Thank you for using upmyvote - If you want to support our daily Curation Digest and anti-spam efforts please vote @themarkymark as witness","misrori","2018-02-13T13:09:03",0.001,"SBD","in",0.01,"normal_tr"
"2018-02-13",4.45,5.17,"0.500 SBD","misrori","https://steemit.com/tothemoon/@misrori/what-people-thinks-about-stellar-13-february-2018","ipromote","2018-02-13T13:17:00",0.5,"SBD","out",2.58,"normal_tr"
"2018-02-13",4.45,5.17,"0.001 SBD","ipromote","Thank you for using ipromote - If you want to support our daily Curation Digest and anti-spam efforts please vote @themarkymark as witness","misrori","2018-02-13T13:17:09",0.001,"SBD","in",0.01,"normal_tr"
"2018-02-13",4.45,5.17,"1.000 SBD","misrori","https://steemit.com/tothemoon/@misrori/what-people-thinks-about-stellar-13-february-2018","pushup","2018-02-13T13:59:48",1,"SBD","out",5.17,"normal_tr"
"2018-02-13",4.45,5.17,"0.100 SBD","misrori","https://steemit.com/success/@misrori/what-people-thinks-about-neo-13-february-2018","steembloggers","2018-02-13T14:06:54",0.1,"SBD","out",0.52,"normal_tr"
"2018-02-13",4.45,5.17,"0.100 SBD","misrori","https://steemit.com/video/@misrori/what-people-thinks-about-tether-13-february-2018","redlambo","2018-02-13T15:04:06",0.1,"SBD","out",0.52,"normal_tr"
"2018-02-13",4.45,5.17,"0.100 SBD","misrori","https://steemit.com/video/@misrori/what-people-thinks-about-tether-13-february-2018","allaz","2018-02-13T15:27:30",0.1,"SBD","out",0.52,"normal_tr"
"2018-02-13",4.45,5.17,"0.500 SBD","misrori","https://steemit.com/video/@misrori/what-people-thinks-about-tether-13-february-2018","sneaky-ninja","2018-02-13T15:28:12",0.5,"SBD","out",2.58,"normal_tr"
"2018-02-13",4.45,5.17,"1.000 SBD","misrori","https://steemit.com/video/@misrori/what-people-thinks-about-tether-13-february-2018","upmyvote","2018-02-13T15:36:36",1,"SBD","out",5.17,"normal_tr"
"2018-02-13",4.45,5.17,"0.001 SBD","upmyvote","Thank you for using upmyvote - If you want to support our daily Curation Digest and anti-spam efforts please vote @themarkymark as witness","misrori","2018-02-13T15:36:42",0.001,"SBD","in",0.01,"normal_tr"
"2018-02-13",4.45,5.17,"3.000 SBD","misrori","https://steemit.com/video/@misrori/what-people-thinks-about-tether-13-february-2018","buildawhale","2018-02-13T15:43:39",3,"SBD","out",15.51,"normal_tr"
"2018-02-13",4.45,5.17,"0.500 SBD","misrori","https://steemit.com/video/@misrori/what-people-thinks-about-tether-13-february-2018","ipromote","2018-02-13T15:43:42",0.5,"SBD","out",2.58,"normal_tr"
"2018-02-13",4.45,5.17,"0.001 SBD","buildawhale","Thank you for using buildawhale - If you want to support our daily Curation Digest and anti-spam efforts please vote @themarkymark as witness","misrori","2018-02-13T15:43:48",0.001,"SBD","in",0.01,"normal_tr"
"2018-02-13",4.45,5.17,"0.001 SBD","ipromote","Thank you for using ipromote - If you want to support our daily Curation Digest and anti-spam efforts please vote @themarkymark as witness","misrori","2018-02-13T15:43:54",0.001,"SBD","in",0.01,"normal_tr"
"2018-02-13",4.45,5.17,"0.050 SBD","misrori","https://steemit.com/video/@misrori/what-people-thinks-about-tether-13-february-2018","brupvoter","2018-02-13T15:54:27",0.05,"SBD","out",0.26,"normal_tr"
"2018-02-13",4.45,5.17,"0.100 SBD","misrori","https://steemit.com/video/@misrori/what-people-thinks-about-tether-13-february-2018","nado.bot","2018-02-13T15:56:48",0.1,"SBD","out",0.52,"normal_tr"
"2018-02-13",4.45,5.17,"0.050 SBD","misrori","https://steemit.com/video/@misrori/what-people-thinks-about-nem-13-february-2018","seakraken","2018-02-13T17:22:36",0.05,"SBD","out",0.26,"normal_tr"
"2018-02-13",4.45,5.17,"0.100 SBD","misrori","https://steemit.com/video/@misrori/what-people-thinks-about-nem-13-february-2018","msp-bidbot","2018-02-13T17:28:00",0.1,"SBD","out",0.52,"normal_tr"
"2018-02-13",4.45,5.17,"0.100 SBD","misrori","https://steemit.com/video/@misrori/what-people-thinks-about-nem-13-february-2018","luckyvotes","2018-02-13T17:56:27",0.1,"SBD","out",0.52,"normal_tr"
"2018-02-13",4.45,5.17,"1.000 SBD","misrori","https://steemit.com/video/@misrori/what-people-thinks-about-nem-13-february-2018","upmyvote","2018-02-13T18:10:33",1,"SBD","out",5.17,"normal_tr"
"2018-02-13",4.45,5.17,"0.001 SBD","upmyvote","Thank you for using upmyvote - If you want to support our daily Curation Digest and anti-spam efforts please vote @themarkymark as witness","misrori","2018-02-13T18:10:42",0.001,"SBD","in",0.01,"normal_tr"
"2018-02-13",4.45,5.17,"0.500 SBD","misrori","https://steemit.com/video/@misrori/what-people-thinks-about-nem-13-february-2018","ipromote","2018-02-13T18:11:15",0.5,"SBD","out",2.58,"normal_tr"
"2018-02-13",4.45,5.17,"0.001 SBD","ipromote","Thank you for using ipromote - If you want to support our daily Curation Digest and anti-spam efforts please vote @themarkymark as witness","misrori","2018-02-13T18:11:24",0.001,"SBD","in",0.01,"normal_tr"
"2018-02-13",4.45,5.17,"0.100 SBD","misrori","https://steemit.com/video/@misrori/what-people-thinks-about-nem-13-february-2018","bid4joy","2018-02-13T18:16:57",0.1,"SBD","out",0.52,"normal_tr"
"2018-02-13",4.45,5.17,"0.100 SBD","misrori","https://steemit.com/youtube/@misrori/what-people-thinks-about-nxt-13-february-2018","lovejuice","2018-02-13T22:47:24",0.1,"SBD","out",0.52,"normal_tr"
"2018-02-13",4.45,5.17,"0.100 SBD","misrori","https://steemit.com/youtube/@misrori/what-people-thinks-about-nxt-13-february-2018","upmewhale","2018-02-13T23:00:48",0.1,"SBD","out",0.52,"normal_tr"
"2018-02-14",4.21,5.13,"0.050 SBD","misrori","https://steemit.com/success/@misrori/what-people-thinks-about-nebulas-14-february-2018","seakraken","2018-02-14T00:57:18",0.05,"SBD","out",0.26,"normal_tr"
"2018-02-14",4.21,5.13,"8.000 SBD","postdoctor","work","misrori","2018-02-14T05:27:27",8,"SBD","in",41.04,"normal_tr"
"2018-02-14",4.21,5.13,"0.100 SBD","misrori","https://steemit.com/rise/@misrori/uppcomming-events-in-cryptoworld-14-february-2018","redlambo","2018-02-14T05:47:45",0.1,"SBD","out",0.51,"normal_tr"
"2018-02-14",4.21,5.13,"0.100 SBD","misrori","https://steemit.com/rise/@misrori/uppcomming-events-in-cryptoworld-14-february-2018","msp-bidbot","2018-02-14T05:49:48",0.1,"SBD","out",0.51,"normal_tr"
"2018-02-14",4.21,5.13,"0.500 SBD","misrori","https://steemit.com/internetmoney/@misrori/what-people-thinks-about-funfair-14-february-2018","smartsteem","2018-02-14T06:01:51",0.5,"SBD","out",2.56,"normal_tr"
"2018-02-14",4.21,5.13,"0.100 SBD","misrori","https://steemit.com/internetmoney/@misrori/what-people-thinks-about-funfair-14-february-2018","mercurybot","2018-02-14T06:02:54",0.1,"SBD","out",0.51,"normal_tr"
"2018-02-14",4.21,5.13,"0.100 SBD","misrori","https://steemit.com/internetmoney/@misrori/what-people-thinks-about-funfair-14-february-2018","lovejuice","2018-02-14T06:12:36",0.1,"SBD","out",0.51,"normal_tr"
"2018-02-14",4.21,5.13,"0.050 SBD","misrori","https://steemit.com/internetmoney/@misrori/what-people-thinks-about-funfair-14-february-2018","brupvoter","2018-02-14T06:34:24",0.05,"SBD","out",0.26,"normal_tr"
"2018-02-14",4.21,5.13,"3.000 SBD","misrori","https://steemit.com/internetmoney/@misrori/what-people-thinks-about-funfair-14-february-2018","upme","2018-02-14T06:40:45",3,"SBD","out",15.39,"normal_tr"
"2018-02-14",4.21,5.13,"0.100 SBD","misrori","https://steemit.com/internetmoney/@misrori/what-people-thinks-about-funfair-14-february-2018","allaz","2018-02-14T06:46:09",0.1,"SBD","out",0.51,"normal_tr"
"2018-02-14",4.21,5.13,"0.500 SBD","misrori","https://steemit.com/internetmoney/@misrori/what-people-thinks-about-funfair-14-february-2018","aksdwi","2018-02-14T06:46:51",0.5,"SBD","out",2.56,"normal_tr"
"2018-02-14",4.21,5.13,"1.000 SBD","misrori","https://steemit.com/internetmoney/@misrori/what-people-thinks-about-funfair-14-february-2018","upmyvote","2018-02-14T06:52:33",1,"SBD","out",5.13,"normal_tr"
"2018-02-14",4.21,5.13,"0.001 SBD","upmyvote","Thank you for using upmyvote - If you want to support our daily Curation Digest and anti-spam efforts please vote @themarkymark as witness","misrori","2018-02-14T06:52:39",0.001,"SBD","in",0.01,"normal_tr"
"2018-02-14",4.21,5.13,"0.500 SBD","misrori","https://steemit.com/steem/@misrori/what-people-thinks-about-verge-14-february-2018","ipromote","2018-02-14T07:04:18",0.5,"SBD","out",2.56,"normal_tr"
"2018-02-14",4.21,5.13,"0.001 SBD","ipromote","Thank you for using ipromote - If you want to support our daily Curation Digest and anti-spam efforts please vote @themarkymark as witness","misrori","2018-02-14T07:04:30",0.001,"SBD","in",0.01,"normal_tr"
"2018-02-14",4.21,5.13,"0.500 SBD","misrori","https://steemit.com/video/@misrori/what-people-thinks-about-augur-14-february-2018","smartsteem","2018-02-14T08:35:06",0.5,"SBD","out",2.56,"normal_tr"
"2018-02-14",4.21,5.13,"0.500 SBD","misrori","https://steemit.com/tothemoon/@misrori/what-people-thinks-about-ethereum-classic-14-february-2018","aksdwi","2018-02-14T09:17:33",0.5,"SBD","out",2.56,"normal_tr"
"2018-02-14",4.21,5.13,"0.100 SBD","misrori","https://steemit.com/tothemoon/@misrori/what-people-thinks-about-ethereum-classic-14-february-2018","minnowvotes","2018-02-14T09:32:18",0.1,"SBD","out",0.51,"normal_tr"
"2018-02-14",4.21,5.13,"0.100 SBD","misrori","https://steemit.com/tothemoon/@misrori/what-people-thinks-about-ethereum-classic-14-february-2018","allaz","2018-02-14T09:38:39",0.1,"SBD","out",0.51,"normal_tr"
"2018-02-14",4.21,5.13,"0.050 SBD","misrori","https://steemit.com/internetmoney/@misrori/what-people-thinks-about-decred-14-february-2018","whalebuilder","2018-02-14T10:19:48",0.05,"SBD","out",0.26,"normal_tr"
"2018-02-14",4.21,5.13,"0.050 SBD","misrori","https://steemit.com/internetmoney/@misrori/what-people-thinks-about-decred-14-february-2018","getboost","2018-02-14T10:20:51",0.05,"SBD","out",0.26,"normal_tr"
"2018-02-14",4.21,5.13,"0.050 SBD","misrori","https://steemit.com/success/@misrori/what-people-thinks-about-siacoin-14-february-2018","brupvoter","2018-02-14T11:32:42",0.05,"SBD","out",0.26,"normal_tr"
"2018-02-14",4.21,5.13,"0.100 SBD","misrori","https://steemit.com/success/@misrori/what-people-thinks-about-siacoin-14-february-2018","nado.bot","2018-02-14T11:48:09",0.1,"SBD","out",0.51,"normal_tr"
"2018-02-14",4.21,5.13,"0.100 SBD","misrori","https://steemit.com/tothemoon/@misrori/mys-top-10-crypto-youtube-chanel-daily-videos-14-february-2018","minnowvotes","2018-02-14T12:05:12",0.1,"SBD","out",0.51,"normal_tr"
"2018-02-14",4.21,5.13,"0.050 SBD","misrori","https://steemit.com/tothemoon/@misrori/mys-top-10-crypto-youtube-chanel-daily-videos-14-february-2018","spydo","2018-02-14T12:10:15",0.05,"SBD","out",0.26,"normal_tr"
"2018-02-14",4.21,5.13,"0.050 SBD","misrori","https://steemit.com/tothemoon/@misrori/mys-top-10-crypto-youtube-chanel-daily-videos-14-february-2018","getboost","2018-02-14T12:47:24",0.05,"SBD","out",0.26,"normal_tr"
"2018-02-14",4.21,5.13,"0.050 SBD","misrori","https://steemit.com/tothemoon/@misrori/mys-top-10-crypto-youtube-chanel-daily-videos-14-february-2018","whalebuilder","2018-02-14T12:47:45",0.05,"SBD","out",0.26,"normal_tr"
"2018-02-14",4.21,5.13,"0.500 SBD","misrori","https://steemit.com/tothemoon/@misrori/what-people-thinks-about-loopring-14-february-2018","smartsteem","2018-02-14T13:37:33",0.5,"SBD","out",2.56,"normal_tr"
"2018-02-14",4.21,5.13,"0.100 SBD","misrori","https://steemit.com/tothemoon/@misrori/what-people-thinks-about-loopring-14-february-2018","mercurybot","2018-02-14T13:42:36",0.1,"SBD","out",0.51,"normal_tr"
"2018-02-14",4.21,5.13,"0.050 SBD","misrori","https://steemit.com/internetmoney/@misrori/what-people-thinks-about-maker-14-february-2018","whalebuilder","2018-02-14T17:43:12",0.05,"SBD","out",0.26,"normal_tr"
"2018-02-15",4.55,5.78,"0.024 SBD","edensgarden","Round Earnings - 0.024 SBD | Thank you!","misrori","2018-02-15T02:27:06",0.024,"SBD","in",0.14,"normal_tr"
"2018-02-15",4.55,5.78,"0.050 SBD","misrori","https://steemit.com/internetmoney/@misrori/what-people-thinks-about-binance-coin-15-february-2018","spydo","2018-02-15T02:50:57",0.05,"SBD","out",0.29,"normal_tr"
"2018-02-15",4.55,5.78,"0.024 SBD","edensgarden","Round Earnings - 0.024 SBD | Thank you!","misrori","2018-02-15T04:51:18",0.024,"SBD","in",0.14,"normal_tr"
"2018-02-15",4.55,5.78,"0.024 SBD","edensgarden","Round Earnings - 0.024 SBD | Thank you!","misrori","2018-02-15T07:15:27",0.024,"SBD","in",0.14,"normal_tr"
"2018-02-15",4.55,5.78,"0.100 SBD","misrori","https://steemit.com/tothemoon/@misrori/what-people-thinks-about-0x-15-february-2018","msp-bidbot","2018-02-15T08:56:24",0.1,"SBD","out",0.58,"normal_tr"
"2018-02-15",4.55,5.78,"0.024 SBD","edensgarden","Round Earnings - 0.024 SBD | Thank you!","misrori","2018-02-15T09:39:36",0.024,"SBD","in",0.14,"normal_tr"
"2018-02-15",4.55,5.78,"0.100 SBD","misrori","https://steemit.com/steem/@misrori/what-people-thinks-about-maidsafecoin-15-february-2018","nado.bot","2018-02-15T10:35:00",0.1,"SBD","out",0.58,"normal_tr"
"2018-02-15",4.55,5.78,"0.100 SBD","misrori","https://steemit.com/steem/@misrori/what-people-thinks-about-maidsafecoin-15-february-2018","upgoater","2018-02-15T10:51:06",0.1,"SBD","out",0.58,"normal_tr"
"2018-02-15",4.55,5.78,"0.100 SBD","misrori","https://steemit.com/steem/@misrori/what-people-thinks-about-maidsafecoin-15-february-2018","minnowvotes","2018-02-15T10:56:27",0.1,"SBD","out",0.58,"normal_tr"
"2018-02-15",4.55,5.78,"0.050 SBD","misrori","https://steemit.com/steem/@misrori/what-people-thinks-about-maidsafecoin-15-february-2018","whalebuilder","2018-02-15T10:56:51",0.05,"SBD","out",0.29,"normal_tr"
"2018-02-15",4.55,5.78,"0.050 SBD","misrori","https://steemit.com/internetmoney/@misrori/what-people-thinks-about-waves-15-february-2018","getboost","2018-02-15T11:03:12",0.05,"SBD","out",0.29,"normal_tr"
"2018-02-15",4.55,5.78,"0.050 SBD","misrori","https://steemit.com/internetmoney/@misrori/what-people-thinks-about-waves-15-february-2018","getboost","2018-02-15T11:09:57",0.05,"SBD","out",0.29,"normal_tr"
"2018-02-15",4.55,5.78,"0.050 SBD","getboost","Refund for invalid bid: 0.050 SBD - Bot already voted on this post.","misrori","2018-02-15T11:10:06",0.05,"SBD","in",0.29,"normal_tr"
"2018-02-15",4.55,5.78,"0.100 SBD","misrori","https://steemit.com/internetmoney/@misrori/what-people-thinks-about-waves-15-february-2018","allaz","2018-02-15T11:15:39",0.1,"SBD","out",0.58,"normal_tr"
"2018-02-15",4.55,5.78,"0.100 SBD","misrori","https://steemit.com/internetmoney/@misrori/what-people-thinks-about-waves-15-february-2018","adriatik","2018-02-15T11:23:48",0.1,"SBD","out",0.58,"normal_tr"
"2018-02-15",4.55,5.78,"0.100 SBD","misrori","https://steemit.com/internetmoney/@misrori/what-people-thinks-about-waves-15-february-2018","msp-bidbot","2018-02-15T11:28:30",0.1,"SBD","out",0.58,"normal_tr"
"2018-02-15",4.55,5.78,"0.050 SBD","misrori","https://steemit.com/internetmoney/@misrori/what-people-thinks-about-waves-15-february-2018","brupvoter","2018-02-15T11:59:57",0.05,"SBD","out",0.29,"normal_tr"
"2018-02-15",4.55,5.78,"0.024 SBD","edensgarden","Round Earnings - 0.024 SBD | Thank you!","misrori","2018-02-15T12:03:48",0.024,"SBD","in",0.14,"normal_tr"
"2018-02-15",4.55,5.78,"0.500 SBD","misrori","https://steemit.com/success/@misrori/mys-top-10-crypto-youtube-chanel-daily-videos-15-february-2018","sneaky-ninja","2018-02-15T12:09:27",0.5,"SBD","out",2.89,"normal_tr"
"2018-02-15",4.55,5.78,"0.100 SBD","misrori","https://steemit.com/success/@misrori/mys-top-10-crypto-youtube-chanel-daily-videos-15-february-2018","shares","2018-02-15T12:13:09",0.1,"SBD","out",0.58,"normal_tr"
"2018-02-15",4.55,5.78,"0.500 SBD","misrori","https://steemit.com/success/@misrori/mys-top-10-crypto-youtube-chanel-daily-videos-15-february-2018","ipromote","2018-02-15T12:35:54",0.5,"SBD","out",2.89,"normal_tr"
"2018-02-15",4.55,5.78,"0.001 SBD","ipromote","Thank you for using ipromote - If you want to support our daily Curation Digest and anti-spam efforts please vote @themarkymark as witness","misrori","2018-02-15T12:36:00",0.001,"SBD","in",0.01,"normal_tr"
"2018-02-15",4.55,5.78,"0.050 SBD","misrori","https://steemit.com/success/@misrori/mys-top-10-crypto-youtube-chanel-daily-videos-15-february-2018","spydo","2018-02-15T12:37:36",0.05,"SBD","out",0.29,"normal_tr"
"2018-02-15",4.55,5.78,"0.100 SBD","misrori","https://steemit.com/success/@misrori/mys-top-10-crypto-youtube-chanel-daily-videos-15-february-2018","mercurybot","2018-02-15T12:54:06",0.1,"SBD","out",0.58,"normal_tr"
"2018-02-15",4.55,5.78,"0.050 SBD","misrori","https://steemit.com/rise/@misrori/what-people-thinks-about-neblio-15-february-2018","seakraken","2018-02-15T14:13:57",0.05,"SBD","out",0.29,"normal_tr"
"2018-02-15",4.55,5.78,"0.100 SBD","misrori","https://steemit.com/rise/@misrori/what-people-thinks-about-neblio-15-february-2018","lovejuice","2018-02-15T14:15:42",0.1,"SBD","out",0.58,"normal_tr"
"2018-02-15",4.55,5.78,"0.100 SBD","misrori","https://steemit.com/rise/@misrori/what-people-thinks-about-neblio-15-february-2018","luckyvotes","2018-02-15T14:20:27",0.1,"SBD","out",0.58,"normal_tr"
"2018-02-15",4.55,5.78,"0.050 SBD","misrori","https://steemit.com/rise/@misrori/what-people-thinks-about-neblio-15-february-2018","brupvoter","2018-02-15T14:27:30",0.05,"SBD","out",0.29,"normal_tr"
"2018-02-15",4.55,5.78,"0.019 STEEM","edensgarden","Round Earnings - 0.019 STEEM | Thank you!","misrori","2018-02-15T14:28:06",0.019,"STEEM","in",0.09,"normal_tr"
"2018-02-15",4.55,5.78,"0.249 SBD","edensgarden","Round Earnings - 0.249 SBD | Thank you!","misrori","2018-02-15T14:28:09",0.249,"SBD","in",1.44,"normal_tr"
"2018-02-15",4.55,5.78,"0.100 SBD","misrori","https://steemit.com/rise/@misrori/what-people-thinks-about-neblio-15-february-2018","upmewhale","2018-02-15T14:38:15",0.1,"SBD","out",0.58,"normal_tr"
"2018-02-15",4.55,5.78,"0.500 SBD","misrori","https://steemit.com/rise/@misrori/what-people-thinks-about-neblio-15-february-2018","smartsteem","2018-02-15T14:43:36",0.5,"SBD","out",2.89,"normal_tr"
"2018-02-15",4.55,5.78,"0.100 SBD","misrori","https://steemit.com/success/@misrori/what-people-thinks-about-reddcoin-15-february-2018","redlambo","2018-02-15T15:50:48",0.1,"SBD","out",0.58,"normal_tr"
"2018-02-15",4.55,5.78,"0.100 SBD","misrori","https://steemit.com/hot/@misrori/what-people-thinks-about-cindicator-15-february-2018","allaz","2018-02-15T16:44:27",0.1,"SBD","out",0.58,"normal_tr"
"2018-02-15",4.55,5.78,"0.459 SBD","edensgarden","Round Earnings - 0.459 SBD | Thank you!","misrori","2018-02-15T16:58:12",0.459,"SBD","in",2.65,"normal_tr"
"2018-02-15",4.55,5.78,"0.050 SBD","misrori","https://steemit.com/hot/@misrori/what-people-thinks-about-cindicator-15-february-2018","brupvoter","2018-02-15T16:58:18",0.05,"SBD","out",0.29,"normal_tr"
"2018-02-15",4.55,5.78,"0.500 SBD","misrori","https://steemit.com/development/@misrori/what-people-thinks-about-status-15-february-2018","smartsteem","2018-02-15T17:15:06",0.5,"SBD","out",2.89,"normal_tr"
"2018-02-15",4.55,5.78,"0.050 SBD","misrori","https://steemit.com/development/@misrori/what-people-thinks-about-status-15-february-2018","spydo","2018-02-15T17:34:33",0.05,"SBD","out",0.29,"normal_tr"
"2018-02-15",4.55,5.78,"0.209 SBD","edensgarden","Round Earnings - 0.209 SBD | Thank you!","misrori","2018-02-15T19:22:48",0.209,"SBD","in",1.21,"normal_tr"
"2018-02-15",4.55,5.78,"0.100 SBD","misrori","https://steemit.com/steem/@misrori/what-people-thinks-about-populous-15-february-2018","shares","2018-02-15T19:35:24",0.1,"SBD","out",0.58,"normal_tr"
"2018-02-15",4.55,5.78,"0.100 SBD","misrori","https://steemit.com/success/@misrori/what-people-thinks-about-ethereum-classic-15-february-2018","spydo","2018-02-15T20:05:15",0.1,"SBD","out",0.58,"normal_tr"
"2018-02-15",4.55,5.78,"0.289 SBD","edensgarden","Round Earnings - 0.289 SBD | Thank you!","misrori","2018-02-15T21:48:03",0.289,"SBD","in",1.67,"normal_tr"
"2018-02-15",4.55,5.78,"0.100 SBD","misrori","https://steemit.com/steem/@misrori/what-people-thinks-about-icon-15-february-2018","upmewhale","2018-02-15T22:02:36",0.1,"SBD","out",0.58,"normal_tr"
"2018-02-15",4.55,5.78,"0.050 SBD","misrori","https://steemit.com/bitcoin/@misrori/what-people-thinks-about-experience-points-15-february-2018","getboost","2018-02-15T23:29:54",0.05,"SBD","out",0.29,"normal_tr"
"2018-02-15",4.55,5.78,"0.100 SBD","misrori","https://steemit.com/bitcoin/@misrori/what-people-thinks-about-experience-points-15-february-2018","mercurybot","2018-02-15T23:40:36",0.1,"SBD","out",0.58,"normal_tr"
"2018-02-16",4.57,5.77,"0.229 SBD","edensgarden","Round Earnings - 0.229 SBD | Thank you!","misrori","2018-02-16T00:13:51",0.229,"SBD","in",1.32,"normal_tr"
"2018-02-16",4.57,5.77,"0.050 SBD","misrori","https://steemit.com/development/@misrori/what-people-thinks-about-bytecoin-16-february-2018","brupvoter","2018-02-16T00:18:51",0.05,"SBD","out",0.29,"normal_tr"
"2018-02-16",4.57,5.77,"0.100 SBD","misrori","https://steemit.com/development/@misrori/what-people-thinks-about-bytecoin-16-february-2018","allaz","2018-02-16T00:19:54",0.1,"SBD","out",0.58,"normal_tr"
"2018-02-16",4.57,5.77,"0.100 SBD","misrori","https://steemit.com/development/@misrori/what-people-thinks-about-bytecoin-16-february-2018","luckyvotes","2018-02-16T00:19:54",0.1,"SBD","out",0.58,"normal_tr"
"2018-02-16",4.57,5.77,"0.050 SBD","misrori","https://steemit.com/development/@misrori/what-people-thinks-about-bytecoin-16-february-2018","seakraken","2018-02-16T00:20:36",0.05,"SBD","out",0.29,"normal_tr"
"2018-02-16",4.57,5.77,"0.219 SBD","edensgarden","Round Earnings - 0.219 SBD | Thank you!","misrori","2018-02-16T02:40:06",0.219,"SBD","in",1.26,"normal_tr"
"2018-02-16",4.57,5.77,"0.050 SBD","misrori","https://steemit.com/steem/@misrori/what-people-thinks-about-ethos-16-february-2018","brupvoter","2018-02-16T02:49:00",0.05,"SBD","out",0.29,"normal_tr"
"2018-02-16",4.57,5.77,"0.100 SBD","misrori","https://steemit.com/steem/@misrori/what-people-thinks-about-ethos-16-february-2018","allaz","2018-02-16T02:59:45",0.1,"SBD","out",0.58,"normal_tr"
"2018-02-16",4.57,5.77,"0.050 SBD","misrori","https://steemit.com/hot/@misrori/what-people-thinks-about-icon-16-february-2018","getboost","2018-02-16T04:28:54",0.05,"SBD","out",0.29,"normal_tr"
"2018-02-16",4.57,5.77,"0.169 SBD","edensgarden","Round Earnings - 0.169 SBD | Thank you!","misrori","2018-02-16T05:07:42",0.169,"SBD","in",0.98,"normal_tr"
"2018-02-16",4.57,5.77,"0.050 SBD","misrori","https://steemit.com/tothemoon/@misrori/uppcomming-events-in-cryptoworld-16-february-2018","seakraken","2018-02-16T05:15:21",0.05,"SBD","out",0.29,"normal_tr"
"2018-02-16",4.57,5.77,"0.100 SBD","misrori","https://steemit.com/tothemoon/@misrori/uppcomming-events-in-cryptoworld-16-february-2018","upmewhale","2018-02-16T05:26:27",0.1,"SBD","out",0.58,"normal_tr"
"2018-02-16",4.57,5.77,"0.239 SBD","edensgarden","Round Earnings - 0.239 SBD | Thank you!","misrori","2018-02-16T07:34:18",0.239,"SBD","in",1.38,"normal_tr"
"2018-02-16",4.57,5.77,"0.050 SBD","misrori","https://steemit.com/bitcoin/@misrori/what-people-thinks-about-smartcash-16-february-2018","brupvoter","2018-02-16T07:41:48",0.05,"SBD","out",0.29,"normal_tr"
"2018-02-16",4.57,5.77,"0.100 SBD","misrori","https://steemit.com/bitcoin/@misrori/what-people-thinks-about-smartcash-16-february-2018","luckyvotes","2018-02-16T07:44:30",0.1,"SBD","out",0.58,"normal_tr"
"2018-02-16",4.57,5.77,"0.050 SBD","misrori","https://steemit.com/bitcoin/@misrori/what-people-thinks-about-smartcash-16-february-2018","seakraken","2018-02-16T07:48:12",0.05,"SBD","out",0.29,"normal_tr"
"2018-02-16",4.57,5.77,"0.500 SBD","misrori","https://steemit.com/bitcoin/@misrori/what-people-thinks-about-particl-16-february-2018","ipromote","2018-02-16T08:29:42",0.5,"SBD","out",2.88,"normal_tr"
"2018-02-16",4.57,5.77,"0.001 SBD","ipromote","Thank you for using ipromote - If you want to support our daily Curation Digest and anti-spam efforts please vote @themarkymark as witness","misrori","2018-02-16T08:29:48",0.001,"SBD","in",0.01,"normal_tr"
"2018-02-16",4.57,5.77,"0.100 SBD","misrori","https://steemit.com/bitcoin/@misrori/what-people-thinks-about-particl-16-february-2018","bid4joy","2018-02-16T08:57:27",0.1,"SBD","out",0.58,"normal_tr"
"2018-02-16",4.57,5.77,"0.100 SBD","misrori","https://steemit.com/bitcoin/@misrori/what-people-thinks-about-particl-16-february-2018","upgoater","2018-02-16T09:00:51",0.1,"SBD","out",0.58,"normal_tr"
"2018-02-16",4.57,5.77,"0.010 SBD","misrori","https://steemit.com/video/@misrori/what-people-thinks-about-dragonchain-16-february-2018","canalcrypto","2018-02-16T09:03:54",0.01,"SBD","out",0.06,"normal_tr"
"2018-02-16",4.57,5.77,"0.500 SBD","misrori","https://steemit.com/video/@misrori/what-people-thinks-about-dragonchain-16-february-2018","sneaky-ninja","2018-02-16T09:04:57",0.5,"SBD","out",2.88,"normal_tr"
"2018-02-16",4.57,5.77,"0.050 SBD","misrori","https://steemit.com/video/@misrori/what-people-thinks-about-dragonchain-16-february-2018","getboost","2018-02-16T09:28:21",0.05,"SBD","out",0.29,"normal_tr"
"2018-02-16",4.57,5.77,"0.500 SBD","misrori","https://steemit.com/video/@misrori/what-people-thinks-about-dragonchain-16-february-2018","smartsteem","2018-02-16T09:54:27",0.5,"SBD","out",2.88,"normal_tr"
"2018-02-16",4.57,5.77,"0.100 SBD","misrori","https://steemit.com/video/@misrori/what-people-thinks-about-dragonchain-16-february-2018","mercurybot","2018-02-16T09:57:48",0.1,"SBD","out",0.58,"normal_tr"
"2018-02-16",4.57,5.77,"0.179 SBD","edensgarden","Round Earnings - 0.179 SBD | Thank you!","misrori","2018-02-16T09:59:15",0.179,"SBD","in",1.03,"normal_tr"
"2018-02-16",4.57,5.77,"0.100 SBD","misrori","https://steemit.com/video/@misrori/what-people-thinks-about-dragonchain-16-february-2018","lovejuice","2018-02-16T09:59:51",0.1,"SBD","out",0.58,"normal_tr"
"2018-02-16",4.57,5.77,"0.050 SBD","misrori","https://steemit.com/video/@misrori/what-people-thinks-about-dragonchain-16-february-2018","seakraken","2018-02-16T10:19:39",0.05,"SBD","out",0.29,"normal_tr"
"2018-02-16",4.57,5.77,"0.100 SBD","misrori","https://steemit.com/video/@misrori/what-people-thinks-about-dragonchain-16-february-2018","upmewhale","2018-02-16T10:23:21",0.1,"SBD","out",0.58,"normal_tr"
"2018-02-16",4.57,5.77,"0.100 SBD","misrori","https://steemit.com/video/@misrori/what-people-thinks-about-dragonchain-16-february-2018","shares","2018-02-16T10:28:03",0.1,"SBD","out",0.58,"normal_tr"
"2018-02-16",4.57,5.77,"0.500 SBD","misrori","https://steemit.com/video/@misrori/what-people-thinks-about-dragonchain-16-february-2018","ipromote","2018-02-16T11:00:30",0.5,"SBD","out",2.88,"normal_tr"
"2018-02-16",4.57,5.77,"0.001 SBD","ipromote","Thank you for using ipromote - If you want to support our daily Curation Digest and anti-spam efforts please vote @themarkymark as witness","misrori","2018-02-16T11:00:33",0.001,"SBD","in",0.01,"normal_tr"
"2018-02-16",4.57,5.77,"0.100 SBD","misrori","https://steemit.com/hot/@misrori/what-people-thinks-about-0x-16-february-2018","allaz","2018-02-16T11:02:12",0.1,"SBD","out",0.58,"normal_tr"
"2018-02-16",4.57,5.77,"0.100 SBD","misrori","https://steemit.com/hot/@misrori/what-people-thinks-about-0x-16-february-2018","upgoater","2018-02-16T11:29:39",0.1,"SBD","out",0.58,"normal_tr"
"2018-02-16",4.57,5.77,"0.079 STEEM","edensgarden","Round Earnings - 0.079 STEEM | Thank you!","misrori","2018-02-16T12:27:30",0.079,"STEEM","in",0.36,"normal_tr"
"2018-02-16",4.57,5.77,"0.229 SBD","edensgarden","Round Earnings - 0.229 SBD | Thank you!","misrori","2018-02-16T12:27:33",0.229,"SBD","in",1.32,"normal_tr"
"2018-02-16",4.57,5.77,"0.100 SBD","misrori","https://steemit.com/bitcoin/@misrori/mys-top-10-crypto-youtube-chanel-daily-videos-16-february-2018","mercurybot","2018-02-16T12:43:30",0.1,"SBD","out",0.58,"normal_tr"
"2018-02-16",4.57,5.77,"0.050 SBD","misrori","https://steemit.com/bitcoin/@misrori/mys-top-10-crypto-youtube-chanel-daily-videos-16-february-2018","seakraken","2018-02-16T12:53:36",0.05,"SBD","out",0.29,"normal_tr"
"2018-02-16",4.57,5.77,"0.100 SBD","misrori","https://steemit.com/tothemoon/@misrori/what-people-thinks-about-iostoken-16-february-2018","nado.bot","2018-02-16T14:01:06",0.1,"SBD","out",0.58,"normal_tr"
"2018-02-16",4.57,5.77,"0.100 SBD","misrori","https://steemit.com/tothemoon/@misrori/what-people-thinks-about-iostoken-16-february-2018","upgoater","2018-02-16T14:01:30",0.1,"SBD","out",0.58,"normal_tr"
"2018-02-16",4.57,5.77,"0.040 STEEM","edensgarden","Round Earnings - 0.040 STEEM | Thank you!","misrori","2018-02-16T14:54:54",0.04,"STEEM","in",0.18,"normal_tr"
"2018-02-16",4.57,5.77,"0.179 SBD","edensgarden","Round Earnings - 0.179 SBD | Thank you!","misrori","2018-02-16T14:54:57",0.179,"SBD","in",1.03,"normal_tr"
"2018-02-16",4.57,5.77,"0.050 SBD","misrori","https://steemit.com/tothemoon/@misrori/what-people-thinks-about-iostoken-16-february-2018","brupvoter","2018-02-16T14:59:18",0.05,"SBD","out",0.29,"normal_tr"
"2018-02-16",4.57,5.77,"0.500 SBD","misrori","https://steemit.com/steem/@misrori/what-people-thinks-about-blocknet-16-february-2018","smartsteem","2018-02-16T15:05:00",0.5,"SBD","out",2.88,"normal_tr"
"2018-02-16",4.57,5.77,"0.289 SBD","edensgarden","Round Earnings - 0.289 SBD | Thank you!","misrori","2018-02-16T17:20:51",0.289,"SBD","in",1.67,"normal_tr"
"2018-02-16",4.57,5.77,"0.019 STEEM","edensgarden","Round Earnings - 0.019 STEEM | Thank you!","misrori","2018-02-16T19:45:24",0.019,"STEEM","in",0.09,"normal_tr"
"2018-02-16",4.57,5.77,"0.269 SBD","edensgarden","Round Earnings - 0.269 SBD | Thank you!","misrori","2018-02-16T19:45:30",0.269,"SBD","in",1.55,"normal_tr"
"2018-02-16",4.57,5.77,"0.500 SBD","misrori","https://steemit.com/development/@misrori/what-people-thinks-about-ethereum-classic-16-february-2018","smartsteem","2018-02-16T20:16:03",0.5,"SBD","out",2.88,"normal_tr"
"2018-02-16",4.57,5.77,"0.100 SBD","misrori","https://steemit.com/rise/@misrori/what-people-thinks-about-siacoin-16-february-2018","redlambo","2018-02-16T21:15:57",0.1,"SBD","out",0.58,"normal_tr"
"2018-02-16",4.57,5.77,"0.264 SBD","edensgarden","Round Earnings - 0.264 SBD | Thank you!","misrori","2018-02-16T22:11:30",0.264,"SBD","in",1.52,"normal_tr"
"2018-02-16",4.57,5.77,"0.500 SBD","misrori","https://steemit.com/video/@misrori/what-people-thinks-about-wax-16-february-2018","smartsteem","2018-02-16T22:48:00",0.5,"SBD","out",2.88,"normal_tr"
"2018-02-17",4.54,5.7,"0.309 SBD","edensgarden","Round Earnings - 0.309 SBD | Thank you!","misrori","2018-02-17T00:40:36",0.309,"SBD","in",1.76,"normal_tr"
"2018-02-17",4.54,5.7,"0.050 SBD","misrori","https://steemit.com/development/@misrori/what-people-thinks-about-tenx-17-february-2018","brupvoter","2018-02-17T00:45:48",0.05,"SBD","out",0.29,"normal_tr"
